{"k":"0000000103","o":"0000000183","v":"001"}
{"_id":"binance.BTC-TUSD-4837188","_uid":1,"_dt":1586374967087,"_s":"427354bf947abd8ab759ba6c1fd5358a"}
{"_id":"binance.BTC-TUSD-4837188","trade_id":"4837188","time":1586288655741,"size":0.016312,"price":7329.77,"side":"buy","id":"binance.BTC-TUSD-4837188","selector":"binance.BTC-TUSD"}
{"k":"0000000103","o":"0000000183","v":"001"}
{"_id":"binance.BTC-TUSD-4837189","_uid":1,"_dt":1586374967095,"_s":"79621be889cedefbbb0227cb5e3d1b99"}
{"_id":"binance.BTC-TUSD-4837189","trade_id":"4837189","time":1586288683707,"size":0.013326,"price":7330.33,"side":"buy","id":"binance.BTC-TUSD-4837189","selector":"binance.BTC-TUSD"}
{"k":"0000000103","o":"0000000183","v":"001"}
{"_id":"binance.BTC-TUSD-4837190","_uid":1,"_dt":1586374967098,"_s":"b4f01f37febf5873c69313c6bdfb6891"}
{"_id":"binance.BTC-TUSD-4837190","trade_id":"4837190","time":1586288683865,"size":0.013326,"price":7330.33,"side":"buy","id":"binance.BTC-TUSD-4837190","selector":"binance.BTC-TUSD"}
{"k":"0000000103","o":"0000000183","v":"001"}
{"_id":"binance.BTC-TUSD-4837191","_uid":1,"_dt":1586374967100,"_s":"6082a4d391c098619cb10368acea8103"}
{"_id":"binance.BTC-TUSD-4837191","trade_id":"4837191","time":1586288684731,"size":0.013326,"price":7330.33,"side":"buy","id":"binance.BTC-TUSD-4837191","selector":"binance.BTC-TUSD"}
{"k":"0000000103","o":"0000000183","v":"001"}
{"_id":"binance.BTC-TUSD-4837192","_uid":1,"_dt":1586374967117,"_s":"502dafb4a69aa7bc55b8c98f6ccd4918"}
{"_id":"binance.BTC-TUSD-4837192","trade_id":"4837192","time":1586288722396,"size":0.480916,"price":7333.27,"side":"buy","id":"binance.BTC-TUSD-4837192","selector":"binance.BTC-TUSD"}
{"k":"0000000103","o":"0000000183","v":"001"}
{"_id":"binance.BTC-TUSD-4837193","_uid":1,"_dt":1586374967119,"_s":"4c6ad4cf395b97f736c3d193677665c9"}
{"_id":"binance.BTC-TUSD-4837193","trade_id":"4837193","time":1586288722503,"size":0.410388,"price":7333.27,"side":"buy","id":"binance.BTC-TUSD-4837193","selector":"binance.BTC-TUSD"}
{"k":"0000000103","o":"0000000183","v":"001"}
{"_id":"binance.BTC-TUSD-4837194","_uid":1,"_dt":1586374967122,"_s":"6e7dd7cbf97b704e18d91bf1c9442d5a"}
{"_id":"binance.BTC-TUSD-4837194","trade_id":"4837194","time":1586288764919,"size":0.01804,"price":7327.17,"side":"sell","id":"binance.BTC-TUSD-4837194","selector":"binance.BTC-TUSD"}
{"k":"0000000103","o":"0000000182","v":"001"}
{"_id":"binance.BTC-TUSD-4837195","_uid":1,"_dt":1586374967123,"_s":"c2f4e44f0fd2ed57eeca9af4c2316854"}
{"_id":"binance.BTC-TUSD-4837195","trade_id":"4837195","time":1586288800905,"size":0.01336,"price":7330.33,"side":"buy","id":"binance.BTC-TUSD-4837195","selector":"binance.BTC-TUSD"}
{"k":"0000000103","o":"0000000183","v":"001"}
{"_id":"binance.BTC-TUSD-4837196","_uid":1,"_dt":1586374967125,"_s":"daaf61c648c838d10cfb68c7442dd0d9"}
{"_id":"binance.BTC-TUSD-4837196","trade_id":"4837196","time":1586288801227,"size":0.004441,"price":7330.34,"side":"buy","id":"binance.BTC-TUSD-4837196","selector":"binance.BTC-TUSD"}
{"k":"0000000103","o":"0000000183","v":"001"}
{"_id":"binance.BTC-TUSD-4837197","_uid":1,"_dt":1586374967128,"_s":"51df069fe655eb5b50c47e87b0f89f4c"}
{"_id":"binance.BTC-TUSD-4837197","trade_id":"4837197","time":1586288801740,"size":0.499727,"price":7330.44,"side":"buy","id":"binance.BTC-TUSD-4837197","selector":"binance.BTC-TUSD"}
{"k":"0000000103","o":"0000000183","v":"001"}
{"_id":"binance.BTC-TUSD-4837198","_uid":1,"_dt":1586374967130,"_s":"531326b0a94d0ededb71d36492d48a5d"}
{"_id":"binance.BTC-TUSD-4837198","trade_id":"4837198","time":1586288801846,"size":0.369477,"price":7330.44,"side":"buy","id":"binance.BTC-TUSD-4837198","selector":"binance.BTC-TUSD"}
{"k":"0000000103","o":"0000000183","v":"001"}
{"_id":"binance.BTC-TUSD-4837199","_uid":1,"_dt":1586374967131,"_s":"a6023cc246274285c0ffcf63d4c9151a"}
{"_id":"binance.BTC-TUSD-4837199","trade_id":"4837199","time":1586288922821,"size":0.018031,"price":7335.36,"side":"buy","id":"binance.BTC-TUSD-4837199","selector":"binance.BTC-TUSD"}
{"k":"0000000103","o":"0000000183","v":"001"}
{"_id":"binance.BTC-TUSD-4837200","_uid":1,"_dt":1586374967134,"_s":"e77654a2e3575635c601d386d847d9b4"}
{"_id":"binance.BTC-TUSD-4837200","trade_id":"4837200","time":1586288926616,"size":0.013347,"price":7336.95,"side":"buy","id":"binance.BTC-TUSD-4837200","selector":"binance.BTC-TUSD"}
{"k":"0000000103","o":"0000000183","v":"001"}
{"_id":"binance.BTC-TUSD-4837201","_uid":1,"_dt":1586374967136,"_s":"bbb483dac35aac1b0714e99488f33295"}
{"_id":"binance.BTC-TUSD-4837201","trade_id":"4837201","time":1586288926719,"size":0.013347,"price":7336.95,"side":"buy","id":"binance.BTC-TUSD-4837201","selector":"binance.BTC-TUSD"}
{"k":"0000000103","o":"0000000183","v":"001"}
{"_id":"binance.BTC-TUSD-4837202","_uid":1,"_dt":1586374967139,"_s":"927f53dd73dd5bbec71f961778db9662"}
{"_id":"binance.BTC-TUSD-4837202","trade_id":"4837202","time":1586288926788,"size":0.013347,"price":7336.95,"side":"buy","id":"binance.BTC-TUSD-4837202","selector":"binance.BTC-TUSD"}
{"k":"0000000103","o":"0000000182","v":"001"}
{"_id":"binance.BTC-TUSD-4837203","_uid":1,"_dt":1586374967140,"_s":"d3de4ff99e7ee23f7ba0fd9af897389c"}
{"_id":"binance.BTC-TUSD-4837203","trade_id":"4837203","time":1586288933089,"size":0.1334,"price":7332.43,"side":"sell","id":"binance.BTC-TUSD-4837203","selector":"binance.BTC-TUSD"}
{"k":"0000000103","o":"0000000182","v":"001"}
{"_id":"binance.BTC-TUSD-4837204","_uid":1,"_dt":1586374967143,"_s":"d8eddc48f951ee878fc24307de1b8703"}
{"_id":"binance.BTC-TUSD-4837204","trade_id":"4837204","time":1586288933167,"size":0.01804,"price":7331.59,"side":"buy","id":"binance.BTC-TUSD-4837204","selector":"binance.BTC-TUSD"}
{"k":"0000000103","o":"0000000183","v":"001"}
{"_id":"binance.BTC-TUSD-4837205","_uid":1,"_dt":1586374967145,"_s":"c03d774ec9c2caecadfd08bc7789077a"}
{"_id":"binance.BTC-TUSD-4837205","trade_id":"4837205","time":1586288933256,"size":0.121267,"price":7331.59,"side":"buy","id":"binance.BTC-TUSD-4837205","selector":"binance.BTC-TUSD"}
{"k":"0000000103","o":"0000000182","v":"001"}
{"_id":"binance.BTC-TUSD-4837206","_uid":1,"_dt":1586374967148,"_s":"85ec9396f4503277a412713643bc7c00"}
{"_id":"binance.BTC-TUSD-4837206","trade_id":"4837206","time":1586288933276,"size":0.10148,"price":7331.59,"side":"buy","id":"binance.BTC-TUSD-4837206","selector":"binance.BTC-TUSD"}
{"k":"0000000103","o":"0000000183","v":"001"}
{"_id":"binance.BTC-TUSD-4837207","_uid":1,"_dt":1586374967149,"_s":"6936e36d178a861cca30db15f9a48966"}
{"_id":"binance.BTC-TUSD-4837207","trade_id":"4837207","time":1586288953430,"size":0.01334,"price":7330.11,"side":"sell","id":"binance.BTC-TUSD-4837207","selector":"binance.BTC-TUSD"}
{"k":"0000000103","o":"0000000183","v":"001"}
{"_id":"binance.BTC-TUSD-4837208","_uid":1,"_dt":1586374967152,"_s":"093bf80c38f3741452a63e51d91904dd"}
{"_id":"binance.BTC-TUSD-4837208","trade_id":"4837208","time":1586288953451,"size":0.12009,"price":7330.11,"side":"sell","id":"binance.BTC-TUSD-4837208","selector":"binance.BTC-TUSD"}
{"k":"0000000103","o":"0000000183","v":"001"}
{"_id":"binance.BTC-TUSD-4837209","_uid":1,"_dt":1586374967154,"_s":"f63f1242ca5f63d71fcb452ac6fa7d49"}
{"_id":"binance.BTC-TUSD-4837209","trade_id":"4837209","time":1586289000229,"size":0.000009,"price":7331.59,"side":"buy","id":"binance.BTC-TUSD-4837209","selector":"binance.BTC-TUSD"}
{"k":"0000000103","o":"0000000184","v":"001"}
{"_id":"binance.BTC-TUSD-4837210","_uid":1,"_dt":1586374967157,"_s":"c5de45b6d4bc796d9de94761bf5719b4"}
{"_id":"binance.BTC-TUSD-4837210","trade_id":"4837210","time":1586289003698,"size":0.024098,"price":7327.74,"side":"sell","id":"binance.BTC-TUSD-4837210","selector":"binance.BTC-TUSD"}
{"k":"0000000103","o":"0000000184","v":"001"}
{"_id":"binance.BTC-TUSD-4837211","_uid":1,"_dt":1586374967159,"_s":"0c6c4ccae3ee26796dd882dc900f2c5e"}
{"_id":"binance.BTC-TUSD-4837211","trade_id":"4837211","time":1586289003698,"size":0.272936,"price":7327.72,"side":"sell","id":"binance.BTC-TUSD-4837211","selector":"binance.BTC-TUSD"}
{"k":"0000000103","o":"0000000183","v":"001"}
{"_id":"binance.BTC-TUSD-4837212","_uid":1,"_dt":1586374967161,"_s":"79079f1dd3a8c271094f6cf40e99f7f6"}
{"_id":"binance.BTC-TUSD-4837212","trade_id":"4837212","time":1586289004785,"size":0.01334,"price":7327.16,"side":"sell","id":"binance.BTC-TUSD-4837212","selector":"binance.BTC-TUSD"}
{"k":"0000000103","o":"0000000183","v":"001"}
{"_id":"binance.BTC-TUSD-4837213","_uid":1,"_dt":1586374967164,"_s":"6078e75efa09b0c81bcd2f8be02bbe0f"}
{"_id":"binance.BTC-TUSD-4837213","trade_id":"4837213","time":1586289004833,"size":0.12014,"price":7327.16,"side":"sell","id":"binance.BTC-TUSD-4837213","selector":"binance.BTC-TUSD"}
{"k":"0000000103","o":"0000000181","v":"001"}
{"_id":"binance.BTC-TUSD-4837214","_uid":1,"_dt":1586374967167,"_s":"9315c935171e9d4d184ba44c1155459f"}
{"_id":"binance.BTC-TUSD-4837214","trade_id":"4837214","time":1586289006198,"size":0.341,"price":7321.46,"side":"sell","id":"binance.BTC-TUSD-4837214","selector":"binance.BTC-TUSD"}
{"k":"0000000103","o":"0000000184","v":"001"}
{"_id":"binance.BTC-TUSD-4837215","_uid":1,"_dt":1586374967169,"_s":"5a2ad040b7dc900288e24591d74237a7"}
{"_id":"binance.BTC-TUSD-4837215","trade_id":"4837215","time":1586289006986,"size":0.272914,"price":7320.64,"side":"sell","id":"binance.BTC-TUSD-4837215","selector":"binance.BTC-TUSD"}
{"k":"0000000103","o":"0000000184","v":"001"}
{"_id":"binance.BTC-TUSD-4837216","_uid":1,"_dt":1586374967171,"_s":"90a54ca9911376405526b531a066c903"}
{"_id":"binance.BTC-TUSD-4837216","trade_id":"4837216","time":1586289008030,"size":0.141706,"price":7317.74,"side":"sell","id":"binance.BTC-TUSD-4837216","selector":"binance.BTC-TUSD"}
{"k":"0000000103","o":"0000000184","v":"001"}
{"_id":"binance.BTC-TUSD-4837217","_uid":1,"_dt":1586374967173,"_s":"6abc0c2c979cbec839d8b56febf9dc17"}
{"_id":"binance.BTC-TUSD-4837217","trade_id":"4837217","time":1586289009569,"size":0.009107,"price":7313.87,"side":"sell","id":"binance.BTC-TUSD-4837217","selector":"binance.BTC-TUSD"}
{"k":"0000000103","o":"0000000181","v":"001"}
{"_id":"binance.BTC-TUSD-4837218","_uid":1,"_dt":1586374967176,"_s":"3b05b21e5b4463812926ecf5227feac2"}
{"_id":"binance.BTC-TUSD-4837218","trade_id":"4837218","time":1586289009569,"size":0.683,"price":7308.78,"side":"sell","id":"binance.BTC-TUSD-4837218","selector":"binance.BTC-TUSD"}
{"k":"0000000103","o":"0000000184","v":"001"}
{"_id":"binance.BTC-TUSD-4837219","_uid":1,"_dt":1586374967178,"_s":"e971af2b16bfb477e6c0a95b56c98cd4"}
{"_id":"binance.BTC-TUSD-4837219","trade_id":"4837219","time":1586289011336,"size":0.141687,"price":7312.48,"side":"sell","id":"binance.BTC-TUSD-4837219","selector":"binance.BTC-TUSD"}
{"k":"0000000103","o":"0000000183","v":"001"}
{"_id":"binance.BTC-TUSD-4837220","_uid":1,"_dt":1586374967180,"_s":"5c9cf42ef02495f6260c221abc74093a"}
{"_id":"binance.BTC-TUSD-4837220","trade_id":"4837220","time":1586289012743,"size":0.041781,"price":7318.94,"side":"buy","id":"binance.BTC-TUSD-4837220","selector":"binance.BTC-TUSD"}
{"k":"0000000103","o":"0000000180","v":"001"}
{"_id":"binance.BTC-TUSD-4837221","_uid":1,"_dt":1586374967186,"_s":"afe50e70ee11f80db34a58b849c5c0ea"}
{"_id":"binance.BTC-TUSD-4837221","trade_id":"4837221","time":1586289014492,"size":0.16,"price":7309.58,"side":"sell","id":"binance.BTC-TUSD-4837221","selector":"binance.BTC-TUSD"}
{"k":"0000000103","o":"0000000183","v":"001"}
{"_id":"binance.BTC-TUSD-4837222","_uid":1,"_dt":1586374967188,"_s":"2c7e1b85fb96eaacfcd613e386f00234"}
{"_id":"binance.BTC-TUSD-4837222","trade_id":"4837222","time":1586289015263,"size":0.13377,"price":7304.94,"side":"sell","id":"binance.BTC-TUSD-4837222","selector":"binance.BTC-TUSD"}
{"k":"0000000103","o":"0000000184","v":"001"}
{"_id":"binance.BTC-TUSD-4837223","_uid":1,"_dt":1586374967191,"_s":"5f93725bb42098cde079e7420fb7c4e2"}
{"_id":"binance.BTC-TUSD-4837223","trade_id":"4837223","time":1586289016300,"size":0.248257,"price":7303.37,"side":"sell","id":"binance.BTC-TUSD-4837223","selector":"binance.BTC-TUSD"}
{"k":"0000000103","o":"0000000183","v":"001"}
{"_id":"binance.BTC-TUSD-4837224","_uid":1,"_dt":1586374967194,"_s":"e47d41bf81a415e1609e0dc44b701c8e"}
{"_id":"binance.BTC-TUSD-4837224","trade_id":"4837224","time":1586289034017,"size":0.01338,"price":7304.96,"side":"sell","id":"binance.BTC-TUSD-4837224","selector":"binance.BTC-TUSD"}
{"k":"0000000103","o":"0000000184","v":"001"}
{"_id":"binance.BTC-TUSD-4837225","_uid":1,"_dt":1586374967197,"_s":"091286f236ca21656c31b9855bc941a3"}
{"_id":"binance.BTC-TUSD-4837225","trade_id":"4837225","time":1586289035652,"size":0.016395,"price":7300.75,"side":"sell","id":"binance.BTC-TUSD-4837225","selector":"binance.BTC-TUSD"}
{"k":"0000000103","o":"0000000181","v":"001"}
{"_id":"binance.BTC-TUSD-4837226","_uid":1,"_dt":1586374967199,"_s":"2d19ba5f0545880f39b5e28f785354e9"}
{"_id":"binance.BTC-TUSD-4837226","trade_id":"4837226","time":1586289035857,"size":0.100733,"price":7300,"side":"sell","id":"binance.BTC-TUSD-4837226","selector":"binance.BTC-TUSD"}
{"k":"0000000103","o":"0000000183","v":"001"}
{"_id":"binance.BTC-TUSD-4837227","_uid":1,"_dt":1586374967202,"_s":"c2139eeac4e9198a115b4a2a593cf7e3"}
{"_id":"binance.BTC-TUSD-4837227","trade_id":"4837227","time":1586289037974,"size":0.02146,"price":7297.17,"side":"sell","id":"binance.BTC-TUSD-4837227","selector":"binance.BTC-TUSD"}
{"k":"0000000103","o":"0000000179","v":"001"}
{"_id":"binance.BTC-TUSD-4837228","_uid":1,"_dt":1586374967204,"_s":"eeea474e7984a4c427ac4bc0ac67a07d"}
{"_id":"binance.BTC-TUSD-4837228","trade_id":"4837228","time":1586289072517,"size":0.05,"price":7315.95,"side":"buy","id":"binance.BTC-TUSD-4837228","selector":"binance.BTC-TUSD"}
{"k":"0000000103","o":"0000000183","v":"001"}
{"_id":"binance.BTC-TUSD-4837229","_uid":1,"_dt":1586374967206,"_s":"a1e1ee66debeeb6d6319e1211a5a9b70"}
{"_id":"binance.BTC-TUSD-4837229","trade_id":"4837229","time":1586289075873,"size":0.084887,"price":7317.75,"side":"buy","id":"binance.BTC-TUSD-4837229","selector":"binance.BTC-TUSD"}
{"k":"0000000103","o":"0000000182","v":"001"}
{"_id":"binance.BTC-TUSD-4837230","_uid":1,"_dt":1586374967209,"_s":"1a448917f22784d99848875d71728a0a"}
{"_id":"binance.BTC-TUSD-4837230","trade_id":"4837230","time":1586289076404,"size":0.455407,"price":7317.8,"side":"buy","id":"binance.BTC-TUSD-4837230","selector":"binance.BTC-TUSD"}
{"k":"0000000103","o":"0000000183","v":"001"}
{"_id":"binance.BTC-TUSD-4837231","_uid":1,"_dt":1586374967212,"_s":"818536e11f78629f71ef334a94b02bbf"}
{"_id":"binance.BTC-TUSD-4837231","trade_id":"4837231","time":1586289077386,"size":0.013625,"price":7318.94,"side":"buy","id":"binance.BTC-TUSD-4837231","selector":"binance.BTC-TUSD"}
{"k":"0000000103","o":"0000000180","v":"001"}
{"_id":"binance.BTC-TUSD-4837232","_uid":1,"_dt":1586374967216,"_s":"eb055939ae8a7d185fc4718471116e89"}
{"_id":"binance.BTC-TUSD-4837232","trade_id":"4837232","time":1586289078385,"size":0.137,"price":7320.16,"side":"buy","id":"binance.BTC-TUSD-4837232","selector":"binance.BTC-TUSD"}
{"k":"0000000103","o":"0000000179","v":"001"}
{"_id":"binance.BTC-TUSD-4837233","_uid":1,"_dt":1586374967218,"_s":"ba6d27dd8f0d054f24b6281d30b0593f"}
{"_id":"binance.BTC-TUSD-4837233","trade_id":"4837233","time":1586289078385,"size":0.342,"price":7321.2,"side":"buy","id":"binance.BTC-TUSD-4837233","selector":"binance.BTC-TUSD"}
{"k":"0000000103","o":"0000000183","v":"001"}
{"_id":"binance.BTC-TUSD-4837234","_uid":1,"_dt":1586374967220,"_s":"2d103e273083b0a8bcf4a7a9cf76f53d"}
{"_id":"binance.BTC-TUSD-4837234","trade_id":"4837234","time":1586289078385,"size":0.568749,"price":7322.32,"side":"buy","id":"binance.BTC-TUSD-4837234","selector":"binance.BTC-TUSD"}
{"k":"0000000103","o":"0000000183","v":"001"}
{"_id":"binance.BTC-TUSD-4837235","_uid":1,"_dt":1586374967221,"_s":"71e54bcaf986b057a43500995d689cd7"}
{"_id":"binance.BTC-TUSD-4837235","trade_id":"4837235","time":1586289079409,"size":0.080574,"price":7324.63,"side":"buy","id":"binance.BTC-TUSD-4837235","selector":"binance.BTC-TUSD"}
{"k":"0000000103","o":"0000000179","v":"001"}
{"_id":"binance.BTC-TUSD-4837236","_uid":1,"_dt":1586374967223,"_s":"2a76296af82bc37704ea6091a9d6a5f9"}
{"_id":"binance.BTC-TUSD-4837236","trade_id":"4837236","time":1586289081164,"size":0.16,"price":7326.65,"side":"buy","id":"binance.BTC-TUSD-4837236","selector":"binance.BTC-TUSD"}
{"k":"0000000103","o":"0000000183","v":"001"}
{"_id":"binance.BTC-TUSD-4837237","_uid":1,"_dt":1586374967225,"_s":"7774de016c4c6232752998b4be387b35"}
{"_id":"binance.BTC-TUSD-4837237","trade_id":"4837237","time":1586289081636,"size":0.666691,"price":7327.06,"side":"buy","id":"binance.BTC-TUSD-4837237","selector":"binance.BTC-TUSD"}
{"k":"0000000103","o":"0000000183","v":"001"}
{"_id":"binance.BTC-TUSD-4837238","_uid":1,"_dt":1586374967227,"_s":"811ce7884882140e8aee46668b59ccb5"}
{"_id":"binance.BTC-TUSD-4837238","trade_id":"4837238","time":1586289083640,"size":0.135841,"price":7328.59,"side":"buy","id":"binance.BTC-TUSD-4837238","selector":"binance.BTC-TUSD"}
{"k":"0000000103","o":"0000000183","v":"001"}
{"_id":"binance.BTC-TUSD-4837239","_uid":1,"_dt":1586374967228,"_s":"0dd5855c4e932f191617a4267807a6f4"}
{"_id":"binance.BTC-TUSD-4837239","trade_id":"4837239","time":1586289084616,"size":0.273688,"price":7330.86,"side":"buy","id":"binance.BTC-TUSD-4837239","selector":"binance.BTC-TUSD"}
{"k":"0000000103","o":"0000000179","v":"001"}
{"_id":"binance.BTC-TUSD-4837240","_uid":1,"_dt":1586374967230,"_s":"072f008ec9ee1aff18ceee798e99a280"}
{"_id":"binance.BTC-TUSD-4837240","trade_id":"4837240","time":1586289085574,"size":0.16,"price":7333.39,"side":"buy","id":"binance.BTC-TUSD-4837240","selector":"binance.BTC-TUSD"}
{"k":"0000000103","o":"0000000183","v":"001"}
{"_id":"binance.BTC-TUSD-4837241","_uid":1,"_dt":1586374967232,"_s":"da3f2c5596addbe94d846f4de1c35fe2"}
{"_id":"binance.BTC-TUSD-4837241","trade_id":"4837241","time":1586289085574,"size":0.905823,"price":7334.06,"side":"buy","id":"binance.BTC-TUSD-4837241","selector":"binance.BTC-TUSD"}
{"k":"0000000103","o":"0000000183","v":"001"}
{"_id":"binance.BTC-TUSD-4837242","_uid":1,"_dt":1586374967234,"_s":"293f1dcb64f4fc381b082642f131fc42"}
{"_id":"binance.BTC-TUSD-4837242","trade_id":"4837242","time":1586289088170,"size":0.13353,"price":7322.44,"side":"sell","id":"binance.BTC-TUSD-4837242","selector":"binance.BTC-TUSD"}
{"k":"0000000103","o":"0000000183","v":"001"}
{"_id":"binance.BTC-TUSD-4837243","_uid":1,"_dt":1586374967235,"_s":"bb3c48785ef365e2c49d83bfe18f3bdc"}
{"_id":"binance.BTC-TUSD-4837243","trade_id":"4837243","time":1586289088170,"size":0.00247,"price":7320.43,"side":"sell","id":"binance.BTC-TUSD-4837243","selector":"binance.BTC-TUSD"}
{"k":"0000000103","o":"0000000179","v":"001"}
{"_id":"binance.BTC-TUSD-4837244","_uid":1,"_dt":1586374967237,"_s":"06fc4a20257d7b37e8a81c60cafc46d0"}
{"_id":"binance.BTC-TUSD-4837244","trade_id":"4837244","time":1586289089743,"size":0.1,"price":7320.43,"side":"sell","id":"binance.BTC-TUSD-4837244","selector":"binance.BTC-TUSD"}
{"k":"0000000103","o":"0000000182","v":"001"}
{"_id":"binance.BTC-TUSD-4837245","_uid":1,"_dt":1586374967239,"_s":"c25a0ef2208c8a3fbf50cc0b8f5df753"}
{"_id":"binance.BTC-TUSD-4837245","trade_id":"4837245","time":1586289093526,"size":0.0034,"price":7319.46,"side":"sell","id":"binance.BTC-TUSD-4837245","selector":"binance.BTC-TUSD"}
{"k":"0000000103","o":"0000000184","v":"001"}
{"_id":"binance.BTC-TUSD-4837246","_uid":1,"_dt":1586374967240,"_s":"ba6b0894ad504ca26b2a614ef976f25f"}
{"_id":"binance.BTC-TUSD-4837246","trade_id":"4837246","time":1586289095030,"size":0.017042,"price":7319.46,"side":"sell","id":"binance.BTC-TUSD-4837246","selector":"binance.BTC-TUSD"}
{"k":"0000000103","o":"0000000184","v":"001"}
{"_id":"binance.BTC-TUSD-4837247","_uid":1,"_dt":1586374967242,"_s":"4d09c3ed4cf6e95cf9a10389b46de1f8"}
{"_id":"binance.BTC-TUSD-4837247","trade_id":"4837247","time":1586289134742,"size":0.002732,"price":7316.26,"side":"sell","id":"binance.BTC-TUSD-4837247","selector":"binance.BTC-TUSD"}
{"k":"0000000103","o":"0000000183","v":"001"}
{"_id":"binance.BTC-TUSD-4837248","_uid":1,"_dt":1586374967244,"_s":"f7061f7bd93f3c289d51207746ead568"}
{"_id":"binance.BTC-TUSD-4837248","trade_id":"4837248","time":1586289134918,"size":0.33826,"price":7316.26,"side":"sell","id":"binance.BTC-TUSD-4837248","selector":"binance.BTC-TUSD"}
{"k":"0000000103","o":"0000000183","v":"001"}
{"_id":"binance.BTC-TUSD-4837249","_uid":1,"_dt":1586374967245,"_s":"e7295f2ae17cd2fe5d343c1c90a18433"}
{"_id":"binance.BTC-TUSD-4837249","trade_id":"4837249","time":1586289191365,"size":0.02367,"price":7304.86,"side":"sell","id":"binance.BTC-TUSD-4837249","selector":"binance.BTC-TUSD"}
{"k":"0000000103","o":"0000000183","v":"001"}
{"_id":"binance.BTC-TUSD-4837250","_uid":1,"_dt":1586374967247,"_s":"6f020f8e4d579779b02cc8e64cbaa58c"}
{"_id":"binance.BTC-TUSD-4837250","trade_id":"4837250","time":1586289249599,"size":0.024093,"price":7307.07,"side":"buy","id":"binance.BTC-TUSD-4837250","selector":"binance.BTC-TUSD"}
{"k":"0000000103","o":"0000000182","v":"001"}
{"_id":"binance.BTC-TUSD-4837251","_uid":1,"_dt":1586374967249,"_s":"407b86cf24f4ad55f2a7063cd2f766c7"}
{"_id":"binance.BTC-TUSD-4837251","trade_id":"4837251","time":1586289249599,"size":0.051951,"price":7307.1,"side":"buy","id":"binance.BTC-TUSD-4837251","selector":"binance.BTC-TUSD"}
{"k":"0000000103","o":"0000000182","v":"001"}
{"_id":"binance.BTC-TUSD-4837252","_uid":1,"_dt":1586374967250,"_s":"eab5b490e123c9f2f74d0dde3d64cadb"}
{"_id":"binance.BTC-TUSD-4837252","trade_id":"4837252","time":1586289249646,"size":0.03343,"price":7307.12,"side":"buy","id":"binance.BTC-TUSD-4837252","selector":"binance.BTC-TUSD"}
{"k":"0000000103","o":"0000000178","v":"001"}
{"_id":"binance.BTC-TUSD-4837253","_uid":1,"_dt":1586374967252,"_s":"cf14ae73ad339bad663e552b1f02daa0"}
{"_id":"binance.BTC-TUSD-4837253","trade_id":"4837253","time":1586289249676,"size":0.1,"price":7307.12,"side":"buy","id":"binance.BTC-TUSD-4837253","selector":"binance.BTC-TUSD"}
{"k":"0000000103","o":"0000000178","v":"001"}
{"_id":"binance.BTC-TUSD-4837254","_uid":1,"_dt":1586374967253,"_s":"25acfdb0bc8d09b7364f2ef5e1633b3a"}
{"_id":"binance.BTC-TUSD-4837254","trade_id":"4837254","time":1586289249792,"size":0.1,"price":7310.81,"side":"buy","id":"binance.BTC-TUSD-4837254","selector":"binance.BTC-TUSD"}
{"k":"0000000103","o":"0000000178","v":"001"}
{"_id":"binance.BTC-TUSD-4837255","_uid":1,"_dt":1586374967255,"_s":"0442d727b41d5e208e65ef37f71e13a8"}
{"_id":"binance.BTC-TUSD-4837255","trade_id":"4837255","time":1586289249792,"size":0.1,"price":7310.82,"side":"buy","id":"binance.BTC-TUSD-4837255","selector":"binance.BTC-TUSD"}
{"k":"0000000103","o":"0000000183","v":"001"}
{"_id":"binance.BTC-TUSD-4837256","_uid":1,"_dt":1586374967256,"_s":"bf439c5f12369fffc52b84afc1eccadf"}
{"_id":"binance.BTC-TUSD-4837256","trade_id":"4837256","time":1586289249792,"size":0.073482,"price":7310.83,"side":"buy","id":"binance.BTC-TUSD-4837256","selector":"binance.BTC-TUSD"}
{"k":"0000000103","o":"0000000183","v":"001"}
{"_id":"binance.BTC-TUSD-4837257","_uid":1,"_dt":1586374967259,"_s":"335daff1180870409177c7690ede78fa"}
{"_id":"binance.BTC-TUSD-4837257","trade_id":"4837257","time":1586289250898,"size":0.026518,"price":7310.83,"side":"buy","id":"binance.BTC-TUSD-4837257","selector":"binance.BTC-TUSD"}
{"k":"0000000103","o":"0000000183","v":"001"}
{"_id":"binance.BTC-TUSD-4837258","_uid":1,"_dt":1586374967261,"_s":"44918c77df2725dabdaef51bab26f952"}
{"_id":"binance.BTC-TUSD-4837258","trade_id":"4837258","time":1586289266686,"size":0.013365,"price":7313.02,"side":"buy","id":"binance.BTC-TUSD-4837258","selector":"binance.BTC-TUSD"}
{"k":"0000000103","o":"0000000183","v":"001"}
{"_id":"binance.BTC-TUSD-4837259","_uid":1,"_dt":1586374967263,"_s":"acd85010c705045e58b120122f3a74a8"}
{"_id":"binance.BTC-TUSD-4837259","trade_id":"4837259","time":1586289266788,"size":0.013365,"price":7313.02,"side":"buy","id":"binance.BTC-TUSD-4837259","selector":"binance.BTC-TUSD"}
{"k":"0000000103","o":"0000000183","v":"001"}
{"_id":"binance.BTC-TUSD-4837260","_uid":1,"_dt":1586374967265,"_s":"139aecdf639850f17fdb6feef05718bd"}
{"_id":"binance.BTC-TUSD-4837260","trade_id":"4837260","time":1586289269908,"size":0.132895,"price":7316.17,"side":"buy","id":"binance.BTC-TUSD-4837260","selector":"binance.BTC-TUSD"}
{"k":"0000000103","o":"0000000183","v":"001"}
{"_id":"binance.BTC-TUSD-4837261","_uid":1,"_dt":1586374967270,"_s":"d4a79de4ebb2ccd8918debe9b485c678"}
{"_id":"binance.BTC-TUSD-4837261","trade_id":"4837261","time":1586289270102,"size":0.004105,"price":7316.17,"side":"buy","id":"binance.BTC-TUSD-4837261","selector":"binance.BTC-TUSD"}
{"k":"0000000103","o":"0000000183","v":"001"}
{"_id":"binance.BTC-TUSD-4837262","_uid":1,"_dt":1586374967276,"_s":"fcb2f525a450b53779ea91a2113e8d92"}
{"_id":"binance.BTC-TUSD-4837262","trade_id":"4837262","time":1586289270102,"size":0.998079,"price":7316.42,"side":"buy","id":"binance.BTC-TUSD-4837262","selector":"binance.BTC-TUSD"}
{"k":"0000000103","o":"0000000180","v":"001"}
{"_id":"binance.BTC-TUSD-4837263","_uid":1,"_dt":1586374967278,"_s":"998a077ca4a908fb602a07eecdb01801"}
{"_id":"binance.BTC-TUSD-4837263","trade_id":"4837263","time":1586289270648,"size":0.137,"price":7316.41,"side":"buy","id":"binance.BTC-TUSD-4837263","selector":"binance.BTC-TUSD"}
{"k":"0000000103","o":"0000000181","v":"001"}
{"_id":"binance.BTC-TUSD-4837264","_uid":1,"_dt":1586374967280,"_s":"8807ae9780a6610e91b710b6a78f5ff1"}
{"_id":"binance.BTC-TUSD-4837264","trade_id":"4837264","time":1586289271169,"size":0.2738,"price":7323.12,"side":"buy","id":"binance.BTC-TUSD-4837264","selector":"binance.BTC-TUSD"}
{"k":"0000000103","o":"0000000183","v":"001"}
{"_id":"binance.BTC-TUSD-4837267","_uid":1,"_dt":1586374967281,"_s":"30d3a6cf7af03269920d164fa2ef05e9"}
{"_id":"binance.BTC-TUSD-4837267","trade_id":"4837267","time":1586289272130,"size":0.137095,"price":7324.58,"side":"buy","id":"binance.BTC-TUSD-4837267","selector":"binance.BTC-TUSD"}
{"k":"0000000103","o":"0000000178","v":"001"}
{"_id":"binance.BTC-TUSD-4837269","_uid":1,"_dt":1586374967283,"_s":"6bdae17ffb0d14091fd7698e32af99a3"}
{"_id":"binance.BTC-TUSD-4837269","trade_id":"4837269","time":1586289272130,"size":0.1,"price":7324.93,"side":"buy","id":"binance.BTC-TUSD-4837269","selector":"binance.BTC-TUSD"}
{"k":"0000000103","o":"0000000178","v":"001"}
{"_id":"binance.BTC-TUSD-4837270","_uid":1,"_dt":1586374967285,"_s":"aa5459e5a830dd39fcb37e54b24a4e72"}
{"_id":"binance.BTC-TUSD-4837270","trade_id":"4837270","time":1586289272130,"size":0.1,"price":7324.97,"side":"buy","id":"binance.BTC-TUSD-4837270","selector":"binance.BTC-TUSD"}
{"k":"0000000103","o":"0000000178","v":"001"}
{"_id":"binance.BTC-TUSD-4837268","_uid":1,"_dt":1586374967287,"_s":"a93470ebf308b32aa84d83d86f494e33"}
{"_id":"binance.BTC-TUSD-4837268","trade_id":"4837268","time":1586289272130,"size":0.1,"price":7324.61,"side":"buy","id":"binance.BTC-TUSD-4837268","selector":"binance.BTC-TUSD"}
{"k":"0000000103","o":"0000000183","v":"001"}
{"_id":"binance.BTC-TUSD-4837271","_uid":1,"_dt":1586374967289,"_s":"8bb034d2839188902064596dbf6f787d"}
{"_id":"binance.BTC-TUSD-4837271","trade_id":"4837271","time":1586289272130,"size":0.090962,"price":7325.08,"side":"buy","id":"binance.BTC-TUSD-4837271","selector":"binance.BTC-TUSD"}
{"k":"0000000103","o":"0000000183","v":"001"}
{"_id":"binance.BTC-TUSD-4837265","_uid":1,"_dt":1586374967291,"_s":"c5b55ace2b180b140adf48d0a20c8269"}
{"_id":"binance.BTC-TUSD-4837265","trade_id":"4837265","time":1586289272130,"size":0.088577,"price":7323.46,"side":"buy","id":"binance.BTC-TUSD-4837265","selector":"binance.BTC-TUSD"}
{"k":"0000000103","o":"0000000183","v":"001"}
{"_id":"binance.BTC-TUSD-4837266","_uid":1,"_dt":1586374967293,"_s":"6c1cd3589daa0c956537b4578330b1da"}
{"_id":"binance.BTC-TUSD-4837266","trade_id":"4837266","time":1586289272130,"size":0.273053,"price":7324.57,"side":"buy","id":"binance.BTC-TUSD-4837266","selector":"binance.BTC-TUSD"}
{"k":"0000000103","o":"0000000183","v":"001"}
{"_id":"binance.BTC-TUSD-4837272","_uid":1,"_dt":1586374967295,"_s":"60b07c4c52ac8c221de03411fb242a81"}
{"_id":"binance.BTC-TUSD-4837272","trade_id":"4837272","time":1586289273088,"size":0.481995,"price":7323.82,"side":"buy","id":"binance.BTC-TUSD-4837272","selector":"binance.BTC-TUSD"}
{"k":"0000000103","o":"0000000182","v":"001"}
{"_id":"binance.BTC-TUSD-4837273","_uid":1,"_dt":1586374967296,"_s":"ce5bb5d0e4c69e91c44070f4b4f08411"}
{"_id":"binance.BTC-TUSD-4837273","trade_id":"4837273","time":1586289273088,"size":0.13315,"price":7325.07,"side":"buy","id":"binance.BTC-TUSD-4837273","selector":"binance.BTC-TUSD"}
{"k":"0000000103","o":"0000000183","v":"001"}
{"_id":"binance.BTC-TUSD-4837274","_uid":1,"_dt":1586374967298,"_s":"067b0808019e80e63876937509c1cd47"}
{"_id":"binance.BTC-TUSD-4837274","trade_id":"4837274","time":1586289274070,"size":0.058415,"price":7326.91,"side":"buy","id":"binance.BTC-TUSD-4837274","selector":"binance.BTC-TUSD"}
{"k":"0000000103","o":"0000000183","v":"001"}
{"_id":"binance.BTC-TUSD-4837275","_uid":1,"_dt":1586374967299,"_s":"1034dbf5a43f4c510a17d18cba16d421"}
{"_id":"binance.BTC-TUSD-4837275","trade_id":"4837275","time":1586289290642,"size":0.095192,"price":7325.16,"side":"buy","id":"binance.BTC-TUSD-4837275","selector":"binance.BTC-TUSD"}
{"k":"0000000103","o":"0000000180","v":"001"}
{"_id":"binance.BTC-TUSD-4837276","_uid":1,"_dt":1586374967301,"_s":"1a9664168e7c181ec4caeda3471520de"}
{"_id":"binance.BTC-TUSD-4837276","trade_id":"4837276","time":1586289405340,"size":0.16,"price":7306.76,"side":"sell","id":"binance.BTC-TUSD-4837276","selector":"binance.BTC-TUSD"}
{"k":"0000000103","o":"0000000179","v":"001"}
{"_id":"binance.BTC-TUSD-4837277","_uid":1,"_dt":1586374967303,"_s":"0ba0800d1ef0ec80361852e1aff0b235"}
{"_id":"binance.BTC-TUSD-4837277","trade_id":"4837277","time":1586289575439,"size":0.16,"price":7298.9,"side":"sell","id":"binance.BTC-TUSD-4837277","selector":"binance.BTC-TUSD"}
{"k":"0000000103","o":"0000000183","v":"001"}
{"_id":"binance.BTC-TUSD-4837278","_uid":1,"_dt":1586374967304,"_s":"e6797b3cc4a4d970ee137432c85aca32"}
{"_id":"binance.BTC-TUSD-4837278","trade_id":"4837278","time":1586289575677,"size":0.01331,"price":7297.22,"side":"sell","id":"binance.BTC-TUSD-4837278","selector":"binance.BTC-TUSD"}
{"k":"0000000103","o":"0000000183","v":"001"}
{"_id":"binance.BTC-TUSD-4837279","_uid":1,"_dt":1586374967306,"_s":"5e0f861afd1fce41d4ff96b991c3dff3"}
{"_id":"binance.BTC-TUSD-4837279","trade_id":"4837279","time":1586289576784,"size":0.00225,"price":7295.42,"side":"sell","id":"binance.BTC-TUSD-4837279","selector":"binance.BTC-TUSD"}
{"k":"0000000103","o":"0000000184","v":"001"}
{"_id":"binance.BTC-TUSD-4837280","_uid":1,"_dt":1586374967308,"_s":"09846b6f9911225ec299b29035ef17a3"}
{"_id":"binance.BTC-TUSD-4837280","trade_id":"4837280","time":1586289577199,"size":0.000005,"price":7295.42,"side":"sell","id":"binance.BTC-TUSD-4837280","selector":"binance.BTC-TUSD"}
{"k":"0000000103","o":"0000000181","v":"001"}
{"_id":"binance.BTC-TUSD-4837281","_uid":1,"_dt":1586374967310,"_s":"7a6d3c1b10692bb74b1510913b1d705e"}
{"_id":"binance.BTC-TUSD-4837281","trade_id":"4837281","time":1586289577199,"size":0.899995,"price":7295,"side":"sell","id":"binance.BTC-TUSD-4837281","selector":"binance.BTC-TUSD"}
{"k":"0000000103","o":"0000000180","v":"001"}
{"_id":"binance.BTC-TUSD-4837282","_uid":1,"_dt":1586374967313,"_s":"4dae7a6b111e19aae732e94ba09de6b3"}
{"_id":"binance.BTC-TUSD-4837282","trade_id":"4837282","time":1586289577200,"size":0.53373,"price":7295,"side":"sell","id":"binance.BTC-TUSD-4837282","selector":"binance.BTC-TUSD"}
{"k":"0000000103","o":"0000000176","v":"001"}
{"_id":"binance.BTC-TUSD-4837283","_uid":1,"_dt":1586374967315,"_s":"ecb50dff1b29e6a2cede4c50a5ab05de"}
{"_id":"binance.BTC-TUSD-4837283","trade_id":"4837283","time":1586289577200,"size":0.3,"price":7295,"side":"sell","id":"binance.BTC-TUSD-4837283","selector":"binance.BTC-TUSD"}
{"k":"0000000103","o":"0000000179","v":"001"}
{"_id":"binance.BTC-TUSD-4837284","_uid":1,"_dt":1586374967318,"_s":"45226f35a3886f6c5d6a8e897cd6d362"}
{"_id":"binance.BTC-TUSD-4837284","trade_id":"4837284","time":1586289577205,"size":0.0901,"price":7295,"side":"sell","id":"binance.BTC-TUSD-4837284","selector":"binance.BTC-TUSD"}
{"k":"0000000103","o":"0000000181","v":"001"}
{"_id":"binance.BTC-TUSD-4837285","_uid":1,"_dt":1586374967321,"_s":"006f98812015ec4437234600b490b1b7"}
{"_id":"binance.BTC-TUSD-4837285","trade_id":"4837285","time":1586289579924,"size":0.000009,"price":7295,"side":"sell","id":"binance.BTC-TUSD-4837285","selector":"binance.BTC-TUSD"}
{"k":"0000000103","o":"0000000184","v":"001"}
{"_id":"binance.BTC-TUSD-4837286","_uid":1,"_dt":1586374967322,"_s":"7bc2e3adfe8e85521fd46e8b870a8095"}
{"_id":"binance.BTC-TUSD-4837286","trade_id":"4837286","time":1586289582927,"size":0.085619,"price":7290.32,"side":"sell","id":"binance.BTC-TUSD-4837286","selector":"binance.BTC-TUSD"}
{"k":"0000000103","o":"0000000184","v":"001"}
{"_id":"binance.BTC-TUSD-4837287","_uid":1,"_dt":1586374967324,"_s":"38a2d96a47eb147925303d135a8f2538"}
{"_id":"binance.BTC-TUSD-4837287","trade_id":"4837287","time":1586289583978,"size":0.047691,"price":7290.32,"side":"sell","id":"binance.BTC-TUSD-4837287","selector":"binance.BTC-TUSD"}
{"k":"0000000103","o":"0000000184","v":"001"}
{"_id":"binance.BTC-TUSD-4837288","_uid":1,"_dt":1586374967326,"_s":"30beb58347043cc402946b5a4c16c2b2"}
{"_id":"binance.BTC-TUSD-4837288","trade_id":"4837288","time":1586289586928,"size":0.093274,"price":7289.55,"side":"sell","id":"binance.BTC-TUSD-4837288","selector":"binance.BTC-TUSD"}
{"k":"0000000103","o":"0000000184","v":"001"}
{"_id":"binance.BTC-TUSD-4837289","_uid":1,"_dt":1586374967329,"_s":"15e38753eb81d7ade6342ee9591ac112"}
{"_id":"binance.BTC-TUSD-4837289","trade_id":"4837289","time":1586289587879,"size":0.001477,"price":7288.43,"side":"sell","id":"binance.BTC-TUSD-4837289","selector":"binance.BTC-TUSD"}
{"k":"0000000103","o":"0000000182","v":"001"}
{"_id":"binance.BTC-TUSD-4837290","_uid":1,"_dt":1586374967330,"_s":"c92ac15b7de1926ff31581da6c83aa3d"}
{"_id":"binance.BTC-TUSD-4837290","trade_id":"4837290","time":1586289590356,"size":0.0883,"price":7287.07,"side":"sell","id":"binance.BTC-TUSD-4837290","selector":"binance.BTC-TUSD"}
{"k":"0000000103","o":"0000000183","v":"001"}
{"_id":"binance.BTC-TUSD-4837291","_uid":1,"_dt":1586374967332,"_s":"c2c74b490a1236294030c5f7256de5fd"}
{"_id":"binance.BTC-TUSD-4837291","trade_id":"4837291","time":1586289595427,"size":0.432267,"price":7290.32,"side":"buy","id":"binance.BTC-TUSD-4837291","selector":"binance.BTC-TUSD"}
{"k":"0000000103","o":"0000000183","v":"001"}
{"_id":"binance.BTC-TUSD-4837292","_uid":1,"_dt":1586374967333,"_s":"0c866afd7a5dfb04677b851a65412845"}
{"_id":"binance.BTC-TUSD-4837292","trade_id":"4837292","time":1586289597038,"size":0.004486,"price":7294.71,"side":"buy","id":"binance.BTC-TUSD-4837292","selector":"binance.BTC-TUSD"}
{"k":"0000000103","o":"0000000178","v":"001"}
{"_id":"binance.BTC-TUSD-4837293","_uid":1,"_dt":1586374967335,"_s":"19d836d06c449e0328ff9842ce9b01f3"}
{"_id":"binance.BTC-TUSD-4837293","trade_id":"4837293","time":1586289622733,"size":0.1,"price":7294.99,"side":"buy","id":"binance.BTC-TUSD-4837293","selector":"binance.BTC-TUSD"}
{"k":"0000000103","o":"0000000180","v":"001"}
{"_id":"binance.BTC-TUSD-4837294","_uid":1,"_dt":1586374967336,"_s":"1ca0c46e17cf0047ff006a43a20ef6fc"}
{"_id":"binance.BTC-TUSD-4837294","trade_id":"4837294","time":1586289622833,"size":0.101507,"price":7295,"side":"buy","id":"binance.BTC-TUSD-4837294","selector":"binance.BTC-TUSD"}
{"k":"0000000103","o":"0000000180","v":"001"}
{"_id":"binance.BTC-TUSD-4837295","_uid":1,"_dt":1586374967338,"_s":"736819e33dbb8514ff35b8ed2b794695"}
{"_id":"binance.BTC-TUSD-4837295","trade_id":"4837295","time":1586289638902,"size":0.470076,"price":7290,"side":"buy","id":"binance.BTC-TUSD-4837295","selector":"binance.BTC-TUSD"}
{"k":"0000000103","o":"0000000180","v":"001"}
{"_id":"binance.BTC-TUSD-4837296","_uid":1,"_dt":1586374967339,"_s":"14d7ad74116b65e8999f23e15ff82d07"}
{"_id":"binance.BTC-TUSD-4837296","trade_id":"4837296","time":1586289639009,"size":0.157485,"price":7290,"side":"buy","id":"binance.BTC-TUSD-4837296","selector":"binance.BTC-TUSD"}
{"k":"0000000103","o":"0000000175","v":"001"}
{"_id":"binance.BTC-TUSD-4837297","_uid":1,"_dt":1586374967341,"_s":"fa24ad6c6d10936154075e6ffe38a5e9"}
{"_id":"binance.BTC-TUSD-4837297","trade_id":"4837297","time":1586289640137,"size":0.2,"price":7290,"side":"buy","id":"binance.BTC-TUSD-4837297","selector":"binance.BTC-TUSD"}
{"k":"0000000103","o":"0000000180","v":"001"}
{"_id":"binance.BTC-TUSD-4837298","_uid":1,"_dt":1586374967343,"_s":"a9a622b5887782a2eb9f80191b9c9f24"}
{"_id":"binance.BTC-TUSD-4837298","trade_id":"4837298","time":1586289640236,"size":0.002744,"price":7290,"side":"buy","id":"binance.BTC-TUSD-4837298","selector":"binance.BTC-TUSD"}
{"k":"0000000103","o":"0000000180","v":"001"}
{"_id":"binance.BTC-TUSD-4837299","_uid":1,"_dt":1586374967344,"_s":"16351b1e694ece64eac63e3ba53c9a50"}
{"_id":"binance.BTC-TUSD-4837299","trade_id":"4837299","time":1586289641277,"size":0.003613,"price":7290,"side":"buy","id":"binance.BTC-TUSD-4837299","selector":"binance.BTC-TUSD"}
{"k":"0000000103","o":"0000000180","v":"001"}
{"_id":"binance.BTC-TUSD-4837300","_uid":1,"_dt":1586374967346,"_s":"2de304306c81495478ef36eb605ab2bb"}
{"_id":"binance.BTC-TUSD-4837300","trade_id":"4837300","time":1586289641388,"size":0.004161,"price":7290,"side":"buy","id":"binance.BTC-TUSD-4837300","selector":"binance.BTC-TUSD"}
{"k":"0000000103","o":"0000000180","v":"001"}
{"_id":"binance.BTC-TUSD-4837301","_uid":1,"_dt":1586374967347,"_s":"c5b9fe51667cb3fc8053526d895b6651"}
{"_id":"binance.BTC-TUSD-4837301","trade_id":"4837301","time":1586289641494,"size":0.167473,"price":7290,"side":"buy","id":"binance.BTC-TUSD-4837301","selector":"binance.BTC-TUSD"}
{"k":"0000000103","o":"0000000180","v":"001"}
{"_id":"binance.BTC-TUSD-4837302","_uid":1,"_dt":1586374967349,"_s":"afc930cdbcaa5a0f2e8e5192d786ff15"}
{"_id":"binance.BTC-TUSD-4837302","trade_id":"4837302","time":1586289641596,"size":0.004855,"price":7290,"side":"buy","id":"binance.BTC-TUSD-4837302","selector":"binance.BTC-TUSD"}
{"k":"0000000103","o":"0000000180","v":"001"}
{"_id":"binance.BTC-TUSD-4837303","_uid":1,"_dt":1586374967350,"_s":"9826e5d15889d0bd3bbe088d4de182ee"}
{"_id":"binance.BTC-TUSD-4837303","trade_id":"4837303","time":1586289641698,"size":0.002744,"price":7290,"side":"buy","id":"binance.BTC-TUSD-4837303","selector":"binance.BTC-TUSD"}
{"k":"0000000103","o":"0000000180","v":"001"}
{"_id":"binance.BTC-TUSD-4837304","_uid":1,"_dt":1586374967352,"_s":"e0fc0e3140810eecccc1c93a1e07236b"}
{"_id":"binance.BTC-TUSD-4837304","trade_id":"4837304","time":1586289644523,"size":0.452574,"price":7290,"side":"buy","id":"binance.BTC-TUSD-4837304","selector":"binance.BTC-TUSD"}
{"k":"0000000103","o":"0000000180","v":"001"}
{"_id":"binance.BTC-TUSD-4837305","_uid":1,"_dt":1586374967354,"_s":"adc31298a4ae0fc7e0a5c34db69a093c"}
{"_id":"binance.BTC-TUSD-4837305","trade_id":"4837305","time":1586289644623,"size":0.167476,"price":7290,"side":"buy","id":"binance.BTC-TUSD-4837305","selector":"binance.BTC-TUSD"}
{"k":"0000000103","o":"0000000180","v":"001"}
{"_id":"binance.BTC-TUSD-4837306","_uid":1,"_dt":1586374967355,"_s":"688b14817eca8fe40473bdc23632bb04"}
{"_id":"binance.BTC-TUSD-4837306","trade_id":"4837306","time":1586289644734,"size":0.003544,"price":7290,"side":"buy","id":"binance.BTC-TUSD-4837306","selector":"binance.BTC-TUSD"}
{"k":"0000000103","o":"0000000180","v":"001"}
{"_id":"binance.BTC-TUSD-4837307","_uid":1,"_dt":1586374967357,"_s":"18dddd428d074f4bccf2b3ac32522090"}
{"_id":"binance.BTC-TUSD-4837307","trade_id":"4837307","time":1586289644840,"size":0.167484,"price":7290,"side":"buy","id":"binance.BTC-TUSD-4837307","selector":"binance.BTC-TUSD"}
{"k":"0000000103","o":"0000000180","v":"001"}
{"_id":"binance.BTC-TUSD-4837308","_uid":1,"_dt":1586374967358,"_s":"8eb065b641ea93218d9e8e449285857d"}
{"_id":"binance.BTC-TUSD-4837308","trade_id":"4837308","time":1586289644942,"size":0.302488,"price":7290,"side":"buy","id":"binance.BTC-TUSD-4837308","selector":"binance.BTC-TUSD"}
{"k":"0000000103","o":"0000000180","v":"001"}
{"_id":"binance.BTC-TUSD-4837309","_uid":1,"_dt":1586374967360,"_s":"9576384d740a785cdbfea1b929977757"}
{"_id":"binance.BTC-TUSD-4837309","trade_id":"4837309","time":1586289645051,"size":0.003352,"price":7290,"side":"buy","id":"binance.BTC-TUSD-4837309","selector":"binance.BTC-TUSD"}
{"k":"0000000103","o":"0000000180","v":"001"}
{"_id":"binance.BTC-TUSD-4837310","_uid":1,"_dt":1586374967362,"_s":"cd75902ee54486622d4a9ea0097f0d6f"}
{"_id":"binance.BTC-TUSD-4837310","trade_id":"4837310","time":1586289645464,"size":0.167486,"price":7290,"side":"buy","id":"binance.BTC-TUSD-4837310","selector":"binance.BTC-TUSD"}
{"k":"0000000103","o":"0000000177","v":"001"}
{"_id":"binance.BTC-TUSD-4837311","_uid":1,"_dt":1586374967363,"_s":"7a955c961e31141e0050d7ad6493361e"}
{"_id":"binance.BTC-TUSD-4837311","trade_id":"4837311","time":1586289645558,"size":0.003,"price":7290,"side":"buy","id":"binance.BTC-TUSD-4837311","selector":"binance.BTC-TUSD"}
{"k":"0000000103","o":"0000000180","v":"001"}
{"_id":"binance.BTC-TUSD-4837312","_uid":1,"_dt":1586374967365,"_s":"768639cc68ea5e09015e4b46a1ae2f75"}
{"_id":"binance.BTC-TUSD-4837312","trade_id":"4837312","time":1586289645667,"size":0.003231,"price":7290,"side":"buy","id":"binance.BTC-TUSD-4837312","selector":"binance.BTC-TUSD"}
{"k":"0000000103","o":"0000000180","v":"001"}
{"_id":"binance.BTC-TUSD-4837313","_uid":1,"_dt":1586374967366,"_s":"eab5c2c63ba50229bce95843481ca075"}
{"_id":"binance.BTC-TUSD-4837313","trade_id":"4837313","time":1586289645784,"size":0.523259,"price":7290,"side":"buy","id":"binance.BTC-TUSD-4837313","selector":"binance.BTC-TUSD"}
{"k":"0000000103","o":"0000000180","v":"001"}
{"_id":"binance.BTC-TUSD-4837314","_uid":1,"_dt":1586374967368,"_s":"06a01c4fb18c25ff69d001bc30d95c3e"}
{"_id":"binance.BTC-TUSD-4837314","trade_id":"4837314","time":1586289645886,"size":0.484104,"price":7290,"side":"buy","id":"binance.BTC-TUSD-4837314","selector":"binance.BTC-TUSD"}
{"k":"0000000103","o":"0000000180","v":"001"}
{"_id":"binance.BTC-TUSD-4837315","_uid":1,"_dt":1586374967369,"_s":"7f87e3b55c29b6055eb857d193c3d055"}
{"_id":"binance.BTC-TUSD-4837315","trade_id":"4837315","time":1586289645995,"size":0.530239,"price":7290,"side":"buy","id":"binance.BTC-TUSD-4837315","selector":"binance.BTC-TUSD"}
{"k":"0000000103","o":"0000000180","v":"001"}
{"_id":"binance.BTC-TUSD-4837316","_uid":1,"_dt":1586374967371,"_s":"8cbf268fe47d52f39321a31a10cba2b2"}
{"_id":"binance.BTC-TUSD-4837316","trade_id":"4837316","time":1586289646097,"size":0.122571,"price":7290,"side":"buy","id":"binance.BTC-TUSD-4837316","selector":"binance.BTC-TUSD"}
{"k":"0000000103","o":"0000000183","v":"001"}
{"_id":"binance.BTC-TUSD-4837317","_uid":1,"_dt":1586374967373,"_s":"49b57b53606f5eddabadb406eefa8a35"}
{"_id":"binance.BTC-TUSD-4837317","trade_id":"4837317","time":1586289668232,"size":0.01727,"price":7286.46,"side":"sell","id":"binance.BTC-TUSD-4837317","selector":"binance.BTC-TUSD"}
{"k":"0000000103","o":"0000000184","v":"001"}
{"_id":"binance.BTC-TUSD-4837318","_uid":1,"_dt":1586374967375,"_s":"14b25837293cd64e6eddecfab65af9e4"}
{"_id":"binance.BTC-TUSD-4837318","trade_id":"4837318","time":1586289670816,"size":0.000003,"price":7286.46,"side":"sell","id":"binance.BTC-TUSD-4837318","selector":"binance.BTC-TUSD"}
{"k":"0000000103","o":"0000000184","v":"001"}
{"_id":"binance.BTC-TUSD-4837319","_uid":1,"_dt":1586374967377,"_s":"cc2d074404f00ba11de38dddf65f25fc"}
{"_id":"binance.BTC-TUSD-4837319","trade_id":"4837319","time":1586289670934,"size":0.013344,"price":7282.15,"side":"sell","id":"binance.BTC-TUSD-4837319","selector":"binance.BTC-TUSD"}
{"k":"0000000103","o":"0000000183","v":"001"}
{"_id":"binance.BTC-TUSD-4837320","_uid":1,"_dt":1586374967378,"_s":"c4671200da6dc18f1567e5dc7f95782c"}
{"_id":"binance.BTC-TUSD-4837320","trade_id":"4837320","time":1586289670986,"size":0.01334,"price":7282.15,"side":"sell","id":"binance.BTC-TUSD-4837320","selector":"binance.BTC-TUSD"}
{"k":"0000000103","o":"0000000183","v":"001"}
{"_id":"binance.BTC-TUSD-4837321","_uid":1,"_dt":1586374967380,"_s":"4adac0f97879cbcc01da4ae8d608d020"}
{"_id":"binance.BTC-TUSD-4837321","trade_id":"4837321","time":1586289672519,"size":0.00205,"price":7281.81,"side":"sell","id":"binance.BTC-TUSD-4837321","selector":"binance.BTC-TUSD"}
{"k":"0000000103","o":"0000000183","v":"001"}
{"_id":"binance.BTC-TUSD-4837322","_uid":1,"_dt":1586374967382,"_s":"9f9fbe038cf67922a4e99be2d4c3eb0c"}
{"_id":"binance.BTC-TUSD-4837322","trade_id":"4837322","time":1586289674351,"size":0.041141,"price":7281.81,"side":"buy","id":"binance.BTC-TUSD-4837322","selector":"binance.BTC-TUSD"}
{"k":"0000000103","o":"0000000183","v":"001"}
{"_id":"binance.BTC-TUSD-4837323","_uid":1,"_dt":1586374967383,"_s":"db1f0e0f63f5ae4220e952b3e942bd35"}
{"_id":"binance.BTC-TUSD-4837323","trade_id":"4837323","time":1586289676724,"size":0.027446,"price":7281.81,"side":"buy","id":"binance.BTC-TUSD-4837323","selector":"binance.BTC-TUSD"}
{"k":"0000000103","o":"0000000182","v":"001"}
{"_id":"binance.BTC-TUSD-4837324","_uid":1,"_dt":1586374967385,"_s":"06f1bb35d85d64acb4eeb42686cd320c"}
{"_id":"binance.BTC-TUSD-4837324","trade_id":"4837324","time":1586289724378,"size":0.0108,"price":7278.04,"side":"sell","id":"binance.BTC-TUSD-4837324","selector":"binance.BTC-TUSD"}
{"k":"0000000103","o":"0000000183","v":"001"}
{"_id":"binance.BTC-TUSD-4837325","_uid":1,"_dt":1586374967387,"_s":"432be5914347f47f1d36e58d81a0a7e7"}
{"_id":"binance.BTC-TUSD-4837325","trade_id":"4837325","time":1586289724388,"size":0.01148,"price":7278.04,"side":"sell","id":"binance.BTC-TUSD-4837325","selector":"binance.BTC-TUSD"}
{"k":"0000000103","o":"0000000182","v":"001"}
{"_id":"binance.BTC-TUSD-4837326","_uid":1,"_dt":1586374967389,"_s":"c6cef86bb78404f37563789c316c0d04"}
{"_id":"binance.BTC-TUSD-4837326","trade_id":"4837326","time":1586289724417,"size":0.0108,"price":7278.03,"side":"sell","id":"binance.BTC-TUSD-4837326","selector":"binance.BTC-TUSD"}
{"k":"0000000103","o":"0000000184","v":"001"}
{"_id":"binance.BTC-TUSD-4837327","_uid":1,"_dt":1586374967390,"_s":"6d3ce29c27057277bf3c78ab6acaf890"}
{"_id":"binance.BTC-TUSD-4837327","trade_id":"4837327","time":1586289725141,"size":0.001631,"price":7276.53,"side":"sell","id":"binance.BTC-TUSD-4837327","selector":"binance.BTC-TUSD"}
{"k":"0000000103","o":"0000000183","v":"001"}
{"_id":"binance.BTC-TUSD-4837328","_uid":1,"_dt":1586374967392,"_s":"13748ca4360310dd187cedab2c37db34"}
{"_id":"binance.BTC-TUSD-4837328","trade_id":"4837328","time":1586289725141,"size":0.032457,"price":7273.9,"side":"sell","id":"binance.BTC-TUSD-4837328","selector":"binance.BTC-TUSD"}
{"k":"0000000103","o":"0000000181","v":"001"}
{"_id":"binance.BTC-TUSD-4837329","_uid":1,"_dt":1586374967394,"_s":"cdfb55e4d435718013b62ecfdc74b773"}
{"_id":"binance.BTC-TUSD-4837329","trade_id":"4837329","time":1586289732088,"size":0.13346,"price":7275.5,"side":"buy","id":"binance.BTC-TUSD-4837329","selector":"binance.BTC-TUSD"}
{"k":"0000000103","o":"0000000183","v":"001"}
{"_id":"binance.BTC-TUSD-4837330","_uid":1,"_dt":1586374967395,"_s":"7513bd06230ceee17397fe0f0b085350"}
{"_id":"binance.BTC-TUSD-4837330","trade_id":"4837330","time":1586289732088,"size":0.034349,"price":7275.51,"side":"buy","id":"binance.BTC-TUSD-4837330","selector":"binance.BTC-TUSD"}
{"k":"0000000103","o":"0000000182","v":"001"}
{"_id":"binance.BTC-TUSD-4837331","_uid":1,"_dt":1586374967397,"_s":"c714aadc8170c058970eee32daf5bee1"}
{"_id":"binance.BTC-TUSD-4837331","trade_id":"4837331","time":1586289733490,"size":0.005175,"price":7276.2,"side":"buy","id":"binance.BTC-TUSD-4837331","selector":"binance.BTC-TUSD"}
{"k":"0000000103","o":"0000000183","v":"001"}
{"_id":"binance.BTC-TUSD-4837332","_uid":1,"_dt":1586374967398,"_s":"dad91d3914a2da2c1e8c627d43c87982"}
{"_id":"binance.BTC-TUSD-4837332","trade_id":"4837332","time":1586289748080,"size":0.111096,"price":7275.22,"side":"buy","id":"binance.BTC-TUSD-4837332","selector":"binance.BTC-TUSD"}
{"k":"0000000103","o":"0000000183","v":"001"}
{"_id":"binance.BTC-TUSD-4837333","_uid":1,"_dt":1586374967400,"_s":"16cb1e6f7e4601870bf1c711e3394084"}
{"_id":"binance.BTC-TUSD-4837333","trade_id":"4837333","time":1586289750583,"size":0.002257,"price":7276.45,"side":"buy","id":"binance.BTC-TUSD-4837333","selector":"binance.BTC-TUSD"}
{"k":"0000000103","o":"0000000183","v":"001"}
{"_id":"binance.BTC-TUSD-4837334","_uid":1,"_dt":1586374967402,"_s":"4cf55d897a7f13e70bdca327506b681d"}
{"_id":"binance.BTC-TUSD-4837334","trade_id":"4837334","time":1586289751010,"size":0.167822,"price":7275.38,"side":"buy","id":"binance.BTC-TUSD-4837334","selector":"binance.BTC-TUSD"}
{"k":"0000000103","o":"0000000183","v":"001"}
{"_id":"binance.BTC-TUSD-4837335","_uid":1,"_dt":1586374967403,"_s":"1b2b9f6a58487eae2cc31491a257cd0d"}
{"_id":"binance.BTC-TUSD-4837335","trade_id":"4837335","time":1586289751320,"size":0.528762,"price":7275.53,"side":"buy","id":"binance.BTC-TUSD-4837335","selector":"binance.BTC-TUSD"}
{"k":"0000000103","o":"0000000183","v":"001"}
{"_id":"binance.BTC-TUSD-4837336","_uid":1,"_dt":1586374967405,"_s":"ccc9cd251f93d64fa46e5666bf0d45a4"}
{"_id":"binance.BTC-TUSD-4837336","trade_id":"4837336","time":1586289751849,"size":0.512442,"price":7275.54,"side":"buy","id":"binance.BTC-TUSD-4837336","selector":"binance.BTC-TUSD"}
{"k":"0000000103","o":"0000000183","v":"001"}
{"_id":"binance.BTC-TUSD-4837337","_uid":1,"_dt":1586374967408,"_s":"a889c95971f5ff2281da1877cca7f6e8"}
{"_id":"binance.BTC-TUSD-4837337","trade_id":"4837337","time":1586289752279,"size":0.003441,"price":7275.55,"side":"buy","id":"binance.BTC-TUSD-4837337","selector":"binance.BTC-TUSD"}
{"k":"0000000103","o":"0000000183","v":"001"}
{"_id":"binance.BTC-TUSD-4837338","_uid":1,"_dt":1586374967409,"_s":"41840206cb999c03a0c902b81a9b1b15"}
{"_id":"binance.BTC-TUSD-4837338","trade_id":"4837338","time":1586289752583,"size":0.532373,"price":7275.62,"side":"buy","id":"binance.BTC-TUSD-4837338","selector":"binance.BTC-TUSD"}
{"k":"0000000103","o":"0000000183","v":"001"}
{"_id":"binance.BTC-TUSD-4837339","_uid":1,"_dt":1586374967411,"_s":"876b91a878259e752db00024afaa096b"}
{"_id":"binance.BTC-TUSD-4837339","trade_id":"4837339","time":1586289752696,"size":0.002749,"price":7275.62,"side":"buy","id":"binance.BTC-TUSD-4837339","selector":"binance.BTC-TUSD"}
{"k":"0000000103","o":"0000000183","v":"001"}
{"_id":"binance.BTC-TUSD-4837340","_uid":1,"_dt":1586374967413,"_s":"717e2ce94aa4b810b7636d4bfaf8de9a"}
{"_id":"binance.BTC-TUSD-4837340","trade_id":"4837340","time":1586289752791,"size":0.003503,"price":7275.62,"side":"buy","id":"binance.BTC-TUSD-4837340","selector":"binance.BTC-TUSD"}
{"k":"0000000103","o":"0000000179","v":"001"}
{"_id":"binance.BTC-TUSD-4837341","_uid":1,"_dt":1586374967414,"_s":"8c9e8b499a6dc31408e142f4bf5776db"}
{"_id":"binance.BTC-TUSD-4837341","trade_id":"4837341","time":1586289752908,"size":0.02,"price":7275.62,"side":"buy","id":"binance.BTC-TUSD-4837341","selector":"binance.BTC-TUSD"}
{"k":"0000000103","o":"0000000182","v":"001"}
{"_id":"binance.BTC-TUSD-4837342","_uid":1,"_dt":1586374967416,"_s":"7b6961b0f46783842a6c1b6850af29d5"}
{"_id":"binance.BTC-TUSD-4837342","trade_id":"4837342","time":1586289754804,"size":0.46729,"price":7276.07,"side":"buy","id":"binance.BTC-TUSD-4837342","selector":"binance.BTC-TUSD"}
{"k":"0000000103","o":"0000000183","v":"001"}
{"_id":"binance.BTC-TUSD-4837343","_uid":1,"_dt":1586374967417,"_s":"4f2d8b19807191a369568927be33b5ee"}
{"_id":"binance.BTC-TUSD-4837343","trade_id":"4837343","time":1586289754918,"size":0.004781,"price":7276.07,"side":"buy","id":"binance.BTC-TUSD-4837343","selector":"binance.BTC-TUSD"}
{"k":"0000000103","o":"0000000183","v":"001"}
{"_id":"binance.BTC-TUSD-4837344","_uid":1,"_dt":1586374967419,"_s":"fd9651ae431e2607a48c8122299d56de"}
{"_id":"binance.BTC-TUSD-4837344","trade_id":"4837344","time":1586289755550,"size":0.167791,"price":7276.37,"side":"buy","id":"binance.BTC-TUSD-4837344","selector":"binance.BTC-TUSD"}
{"k":"0000000103","o":"0000000183","v":"001"}
{"_id":"binance.BTC-TUSD-4837345","_uid":1,"_dt":1586374967421,"_s":"875afa55119ee0f5234d579eae30ad3c"}
{"_id":"binance.BTC-TUSD-4837345","trade_id":"4837345","time":1586289760079,"size":0.013347,"price":7276.36,"side":"buy","id":"binance.BTC-TUSD-4837345","selector":"binance.BTC-TUSD"}
{"k":"0000000103","o":"0000000183","v":"001"}
{"_id":"binance.BTC-TUSD-4837346","_uid":1,"_dt":1586374967423,"_s":"01176aa9095224f56d08b0e455fe3ce5"}
{"_id":"binance.BTC-TUSD-4837346","trade_id":"4837346","time":1586289760198,"size":0.013347,"price":7276.36,"side":"buy","id":"binance.BTC-TUSD-4837346","selector":"binance.BTC-TUSD"}
{"k":"0000000103","o":"0000000183","v":"001"}
{"_id":"binance.BTC-TUSD-4837347","_uid":1,"_dt":1586374967425,"_s":"0b2e7bad88f2c6061e3a196063d843d9"}
{"_id":"binance.BTC-TUSD-4837347","trade_id":"4837347","time":1586289760294,"size":0.004857,"price":7276.36,"side":"buy","id":"binance.BTC-TUSD-4837347","selector":"binance.BTC-TUSD"}
{"k":"0000000103","o":"0000000183","v":"001"}
{"_id":"binance.BTC-TUSD-4837348","_uid":1,"_dt":1586374967427,"_s":"c5f45a17a4dc442b1026ed19f7835f47"}
{"_id":"binance.BTC-TUSD-4837348","trade_id":"4837348","time":1586289760408,"size":0.004693,"price":7276.36,"side":"buy","id":"binance.BTC-TUSD-4837348","selector":"binance.BTC-TUSD"}
{"k":"0000000103","o":"0000000183","v":"001"}
{"_id":"binance.BTC-TUSD-4837349","_uid":1,"_dt":1586374967428,"_s":"b57f3a3273462cbc2b06f6360e39f9ec"}
{"_id":"binance.BTC-TUSD-4837349","trade_id":"4837349","time":1586289760518,"size":0.003797,"price":7276.36,"side":"buy","id":"binance.BTC-TUSD-4837349","selector":"binance.BTC-TUSD"}
{"k":"0000000103","o":"0000000183","v":"001"}
{"_id":"binance.BTC-TUSD-4837350","_uid":1,"_dt":1586374967430,"_s":"381ad9877f336f4f42aaaa74d832279a"}
{"_id":"binance.BTC-TUSD-4837350","trade_id":"4837350","time":1586289760615,"size":0.013347,"price":7276.36,"side":"buy","id":"binance.BTC-TUSD-4837350","selector":"binance.BTC-TUSD"}
{"k":"0000000103","o":"0000000183","v":"001"}
{"_id":"binance.BTC-TUSD-4837351","_uid":1,"_dt":1586374967431,"_s":"5711fe52544c7e4efb8c8568b7de5d33"}
{"_id":"binance.BTC-TUSD-4837351","trade_id":"4837351","time":1586289760725,"size":0.013347,"price":7276.36,"side":"buy","id":"binance.BTC-TUSD-4837351","selector":"binance.BTC-TUSD"}
{"k":"0000000103","o":"0000000183","v":"001"}
{"_id":"binance.BTC-TUSD-4837352","_uid":1,"_dt":1586374967433,"_s":"7d5128b09ffa9190b6f38f863df4e4e9"}
{"_id":"binance.BTC-TUSD-4837352","trade_id":"4837352","time":1586289760831,"size":0.013347,"price":7276.36,"side":"buy","id":"binance.BTC-TUSD-4837352","selector":"binance.BTC-TUSD"}
{"k":"0000000103","o":"0000000183","v":"001"}
{"_id":"binance.BTC-TUSD-4837353","_uid":1,"_dt":1586374967435,"_s":"919317765cd9bfe07f1710299e9cfbf2"}
{"_id":"binance.BTC-TUSD-4837353","trade_id":"4837353","time":1586289760934,"size":0.013347,"price":7276.36,"side":"buy","id":"binance.BTC-TUSD-4837353","selector":"binance.BTC-TUSD"}
{"k":"0000000103","o":"0000000183","v":"001"}
{"_id":"binance.BTC-TUSD-4837354","_uid":1,"_dt":1586374967436,"_s":"c8b092e8ff8067cc440ec50f5ea26886"}
{"_id":"binance.BTC-TUSD-4837354","trade_id":"4837354","time":1586289761038,"size":0.013347,"price":7276.36,"side":"buy","id":"binance.BTC-TUSD-4837354","selector":"binance.BTC-TUSD"}
{"k":"0000000103","o":"0000000184","v":"001"}
{"_id":"binance.BTC-TUSD-4837355","_uid":1,"_dt":1586374967438,"_s":"d8321b254f8a3f84c00e7c38bdf1059b"}
{"_id":"binance.BTC-TUSD-4837355","trade_id":"4837355","time":1586289761260,"size":0.114998,"price":7269.92,"side":"sell","id":"binance.BTC-TUSD-4837355","selector":"binance.BTC-TUSD"}
{"k":"0000000103","o":"0000000178","v":"001"}
{"_id":"binance.BTC-TUSD-4837356","_uid":1,"_dt":1586374967439,"_s":"a6b76f91591fcafdb2500cb96cacb5a8"}
{"_id":"binance.BTC-TUSD-4837356","trade_id":"4837356","time":1586289761477,"size":0.005,"price":7269,"side":"sell","id":"binance.BTC-TUSD-4837356","selector":"binance.BTC-TUSD"}
{"k":"0000000103","o":"0000000180","v":"001"}
{"_id":"binance.BTC-TUSD-4837357","_uid":1,"_dt":1586374967441,"_s":"0b7bcc154c6c596d4497faba0bbf6406"}
{"_id":"binance.BTC-TUSD-4837357","trade_id":"4837357","time":1586289761483,"size":0.13,"price":7268.19,"side":"sell","id":"binance.BTC-TUSD-4837357","selector":"binance.BTC-TUSD"}
{"k":"0000000103","o":"0000000180","v":"001"}
{"_id":"binance.BTC-TUSD-4837358","_uid":1,"_dt":1586374967442,"_s":"8ee41b6efb2b87d34af9f6d65a1cb2fe"}
{"_id":"binance.BTC-TUSD-4837358","trade_id":"4837358","time":1586289761484,"size":0.13,"price":7268.19,"side":"sell","id":"binance.BTC-TUSD-4837358","selector":"binance.BTC-TUSD"}
{"k":"0000000103","o":"0000000184","v":"001"}
{"_id":"binance.BTC-TUSD-4837359","_uid":1,"_dt":1586374967443,"_s":"38b388c0ec372fa74f9150af410fa402"}
{"_id":"binance.BTC-TUSD-4837359","trade_id":"4837359","time":1586289761513,"size":0.074306,"price":7268.14,"side":"sell","id":"binance.BTC-TUSD-4837359","selector":"binance.BTC-TUSD"}
{"k":"0000000103","o":"0000000179","v":"001"}
{"_id":"binance.BTC-TUSD-4837360","_uid":1,"_dt":1586374967445,"_s":"b6324420b6163b89a67cc3c89e0e4dc6"}
{"_id":"binance.BTC-TUSD-4837360","trade_id":"4837360","time":1586289763523,"size":0.0172,"price":7266,"side":"sell","id":"binance.BTC-TUSD-4837360","selector":"binance.BTC-TUSD"}
{"k":"0000000103","o":"0000000181","v":"001"}
{"_id":"binance.BTC-TUSD-4837361","_uid":1,"_dt":1586374967447,"_s":"75d84ff636b0cbe8a027fd165277c0c4"}
{"_id":"binance.BTC-TUSD-4837361","trade_id":"4837361","time":1586289763569,"size":0.000003,"price":7266,"side":"sell","id":"binance.BTC-TUSD-4837361","selector":"binance.BTC-TUSD"}
{"k":"0000000103","o":"0000000184","v":"001"}
{"_id":"binance.BTC-TUSD-4837362","_uid":1,"_dt":1586374967448,"_s":"5bad27cdad86ebca3e3296d3dafa45f2"}
{"_id":"binance.BTC-TUSD-4837362","trade_id":"4837362","time":1586289763569,"size":0.039997,"price":7265.34,"side":"sell","id":"binance.BTC-TUSD-4837362","selector":"binance.BTC-TUSD"}
{"k":"0000000103","o":"0000000184","v":"001"}
{"_id":"binance.BTC-TUSD-4837363","_uid":1,"_dt":1586374967450,"_s":"0c7d6309e51447ae1a4e534a9ab1b82d"}
{"_id":"binance.BTC-TUSD-4837363","trade_id":"4837363","time":1586289764381,"size":0.000003,"price":7265.34,"side":"sell","id":"binance.BTC-TUSD-4837363","selector":"binance.BTC-TUSD"}
{"k":"0000000103","o":"0000000183","v":"001"}
{"_id":"binance.BTC-TUSD-4837364","_uid":1,"_dt":1586374967451,"_s":"24233d6b909e61e7b2de382e69abc364"}
{"_id":"binance.BTC-TUSD-4837364","trade_id":"4837364","time":1586289765274,"size":0.168003,"price":7266.21,"side":"buy","id":"binance.BTC-TUSD-4837364","selector":"binance.BTC-TUSD"}
{"k":"0000000103","o":"0000000183","v":"001"}
{"_id":"binance.BTC-TUSD-4837365","_uid":1,"_dt":1586374967453,"_s":"4b35eda7b11a679c605abd78bbda156f"}
{"_id":"binance.BTC-TUSD-4837365","trade_id":"4837365","time":1586289765484,"size":0.389789,"price":7266.21,"side":"buy","id":"binance.BTC-TUSD-4837365","selector":"binance.BTC-TUSD"}
{"k":"0000000103","o":"0000000183","v":"001"}
{"_id":"binance.BTC-TUSD-4837366","_uid":1,"_dt":1586374967454,"_s":"a8a21973877f0034bc959c6a16e6f532"}
{"_id":"binance.BTC-TUSD-4837366","trade_id":"4837366","time":1586289766116,"size":0.114467,"price":7266.58,"side":"buy","id":"binance.BTC-TUSD-4837366","selector":"binance.BTC-TUSD"}
{"k":"0000000103","o":"0000000179","v":"001"}
{"_id":"binance.BTC-TUSD-4837367","_uid":1,"_dt":1586374967456,"_s":"ab9a91f53cb456de030cda5aec62a28d"}
{"_id":"binance.BTC-TUSD-4837367","trade_id":"4837367","time":1586289768973,"size":0.02,"price":7264.38,"side":"buy","id":"binance.BTC-TUSD-4837367","selector":"binance.BTC-TUSD"}
{"k":"0000000103","o":"0000000182","v":"001"}
{"_id":"binance.BTC-TUSD-4837368","_uid":1,"_dt":1586374967457,"_s":"97a2f060805e09cb9f4702a55ed3ae5b"}
{"_id":"binance.BTC-TUSD-4837368","trade_id":"4837368","time":1586289769702,"size":0.10139,"price":7264.71,"side":"buy","id":"binance.BTC-TUSD-4837368","selector":"binance.BTC-TUSD"}
{"k":"0000000103","o":"0000000183","v":"001"}
{"_id":"binance.BTC-TUSD-4837369","_uid":1,"_dt":1586374967459,"_s":"aa1bf0ca51b3f0f6fec9431574e9e249"}
{"_id":"binance.BTC-TUSD-4837369","trade_id":"4837369","time":1586289769822,"size":0.039028,"price":7264.71,"side":"buy","id":"binance.BTC-TUSD-4837369","selector":"binance.BTC-TUSD"}
{"k":"0000000103","o":"0000000184","v":"001"}
{"_id":"binance.BTC-TUSD-4837370","_uid":1,"_dt":1586374967460,"_s":"3bd6bcf622a3fd5afbb76886a3479714"}
{"_id":"binance.BTC-TUSD-4837370","trade_id":"4837370","time":1586289770904,"size":0.002255,"price":7255.08,"side":"sell","id":"binance.BTC-TUSD-4837370","selector":"binance.BTC-TUSD"}
{"k":"0000000103","o":"0000000184","v":"001"}
{"_id":"binance.BTC-TUSD-4837379","_uid":1,"_dt":1586374967465,"_s":"6b28606f3308276b3edc85fd3398c2bf"}
{"_id":"binance.BTC-TUSD-4837379","trade_id":"4837379","time":1586289771414,"size":0.044264,"price":7248.25,"side":"sell","id":"binance.BTC-TUSD-4837379","selector":"binance.BTC-TUSD"}
{"k":"0000000103","o":"0000000183","v":"001"}
{"_id":"binance.BTC-TUSD-4837380","_uid":1,"_dt":1586374967467,"_s":"41185de7a4b69002206da54fb9f0410e"}
{"_id":"binance.BTC-TUSD-4837380","trade_id":"4837380","time":1586289771414,"size":0.05081,"price":7248.25,"side":"sell","id":"binance.BTC-TUSD-4837380","selector":"binance.BTC-TUSD"}
{"k":"0000000103","o":"0000000184","v":"001"}
{"_id":"binance.BTC-TUSD-4837375","_uid":1,"_dt":1586374967468,"_s":"57a2e885dc3649c783d96240efe4a059"}
{"_id":"binance.BTC-TUSD-4837375","trade_id":"4837375","time":1586289771414,"size":0.002208,"price":7249.88,"side":"sell","id":"binance.BTC-TUSD-4837375","selector":"binance.BTC-TUSD"}
{"k":"0000000103","o":"0000000184","v":"001"}
{"_id":"binance.BTC-TUSD-4837382","_uid":1,"_dt":1586374967470,"_s":"a09d0cbb4b84b4cfe7c796421f0d3b00"}
{"_id":"binance.BTC-TUSD-4837382","trade_id":"4837382","time":1586289771414,"size":0.031119,"price":7248.25,"side":"sell","id":"binance.BTC-TUSD-4837382","selector":"binance.BTC-TUSD"}
{"k":"0000000103","o":"0000000184","v":"001"}
{"_id":"binance.BTC-TUSD-4837383","_uid":1,"_dt":1586374967471,"_s":"3bad9df35c3049182b581c8eacafa7e8"}
{"_id":"binance.BTC-TUSD-4837383","trade_id":"4837383","time":1586289771414,"size":0.143246,"price":7248.25,"side":"sell","id":"binance.BTC-TUSD-4837383","selector":"binance.BTC-TUSD"}
{"k":"0000000103","o":"0000000184","v":"001"}
{"_id":"binance.BTC-TUSD-4837384","_uid":1,"_dt":1586374967473,"_s":"4963d0c9ce49a42c15043b213210413d"}
{"_id":"binance.BTC-TUSD-4837384","trade_id":"4837384","time":1586289771414,"size":0.001486,"price":7244.08,"side":"sell","id":"binance.BTC-TUSD-4837384","selector":"binance.BTC-TUSD"}
{"k":"0000000103","o":"0000000184","v":"001"}
{"_id":"binance.BTC-TUSD-4837385","_uid":1,"_dt":1586374967475,"_s":"c841569ad3c0ffa943e22face5f47d41"}
{"_id":"binance.BTC-TUSD-4837385","trade_id":"4837385","time":1586289771414,"size":0.422074,"price":7242.81,"side":"sell","id":"binance.BTC-TUSD-4837385","selector":"binance.BTC-TUSD"}
{"k":"0000000103","o":"0000000184","v":"001"}
{"_id":"binance.BTC-TUSD-4837386","_uid":1,"_dt":1586374967476,"_s":"606ba1207a8ec57ad5b3fee090d8239d"}
{"_id":"binance.BTC-TUSD-4837386","trade_id":"4837386","time":1586289771414,"size":0.079008,"price":7242.81,"side":"sell","id":"binance.BTC-TUSD-4837386","selector":"binance.BTC-TUSD"}
{"k":"0000000103","o":"0000000184","v":"001"}
{"_id":"binance.BTC-TUSD-4837372","_uid":1,"_dt":1586374967478,"_s":"22d465fab9cf34616bb2da6fa58b97b2"}
{"_id":"binance.BTC-TUSD-4837372","trade_id":"4837372","time":1586289771414,"size":0.031501,"price":7250.29,"side":"sell","id":"binance.BTC-TUSD-4837372","selector":"binance.BTC-TUSD"}
{"k":"0000000103","o":"0000000181","v":"001"}
{"_id":"binance.BTC-TUSD-4837373","_uid":1,"_dt":1586374967480,"_s":"2a015ae2e73d3f3b81bf9dd45414a07c"}
{"_id":"binance.BTC-TUSD-4837373","trade_id":"4837373","time":1586289771414,"size":0.021503,"price":7250,"side":"sell","id":"binance.BTC-TUSD-4837373","selector":"binance.BTC-TUSD"}
{"k":"0000000103","o":"0000000184","v":"001"}
{"_id":"binance.BTC-TUSD-4837374","_uid":1,"_dt":1586374967482,"_s":"58f90db8ed83e898cb32b69e644d3ca7"}
{"_id":"binance.BTC-TUSD-4837374","trade_id":"4837374","time":1586289771414,"size":0.000542,"price":7249.88,"side":"sell","id":"binance.BTC-TUSD-4837374","selector":"binance.BTC-TUSD"}
{"k":"0000000103","o":"0000000178","v":"001"}
{"_id":"binance.BTC-TUSD-4837377","_uid":1,"_dt":1586374967483,"_s":"0cf1abda48f30100f17789d40ff32759"}
{"_id":"binance.BTC-TUSD-4837377","trade_id":"4837377","time":1586289771414,"size":0.005,"price":7249,"side":"sell","id":"binance.BTC-TUSD-4837377","selector":"binance.BTC-TUSD"}
{"k":"0000000103","o":"0000000184","v":"001"}
{"_id":"binance.BTC-TUSD-4837376","_uid":1,"_dt":1586374967485,"_s":"049bb6b0f090970a18d3ff5988f26356"}
{"_id":"binance.BTC-TUSD-4837376","trade_id":"4837376","time":1586289771414,"size":0.275885,"price":7249.38,"side":"sell","id":"binance.BTC-TUSD-4837376","selector":"binance.BTC-TUSD"}
{"k":"0000000103","o":"0000000184","v":"001"}
{"_id":"binance.BTC-TUSD-4837371","_uid":1,"_dt":1586374967486,"_s":"4a6ca36c0143a6144d14941c31584506"}
{"_id":"binance.BTC-TUSD-4837371","trade_id":"4837371","time":1586289771414,"size":0.138454,"price":7250.45,"side":"sell","id":"binance.BTC-TUSD-4837371","selector":"binance.BTC-TUSD"}
{"k":"0000000103","o":"0000000184","v":"001"}
{"_id":"binance.BTC-TUSD-4837378","_uid":1,"_dt":1586374967488,"_s":"b5f51394c2399e27341a71cec9d91c6e"}
{"_id":"binance.BTC-TUSD-4837378","trade_id":"4837378","time":1586289771414,"size":0.025528,"price":7248.25,"side":"sell","id":"binance.BTC-TUSD-4837378","selector":"binance.BTC-TUSD"}
{"k":"0000000103","o":"0000000184","v":"001"}
{"_id":"binance.BTC-TUSD-4837381","_uid":1,"_dt":1586374967489,"_s":"7ef5d082122133e4d012703f22a8f61e"}
{"_id":"binance.BTC-TUSD-4837381","trade_id":"4837381","time":1586289771414,"size":0.049618,"price":7248.25,"side":"sell","id":"binance.BTC-TUSD-4837381","selector":"binance.BTC-TUSD"}
{"k":"0000000103","o":"0000000183","v":"001"}
{"_id":"binance.BTC-TUSD-4837387","_uid":1,"_dt":1586374967494,"_s":"84618432bd5abf03936bf12cc1b23782"}
{"_id":"binance.BTC-TUSD-4837387","trade_id":"4837387","time":1586289772296,"size":0.09897,"price":7242.81,"side":"sell","id":"binance.BTC-TUSD-4837387","selector":"binance.BTC-TUSD"}
{"k":"0000000103","o":"0000000180","v":"001"}
{"_id":"binance.BTC-TUSD-4837388","_uid":1,"_dt":1586374967496,"_s":"b82ce084936c60a0ed7b28cf8d5ea1f9"}
{"_id":"binance.BTC-TUSD-4837388","trade_id":"4837388","time":1586289773056,"size":0.719,"price":7242.82,"side":"buy","id":"binance.BTC-TUSD-4837388","selector":"binance.BTC-TUSD"}
{"k":"0000000103","o":"0000000182","v":"001"}
{"_id":"binance.BTC-TUSD-4837389","_uid":1,"_dt":1586374967497,"_s":"418b296185984733084027e819d181ab"}
{"_id":"binance.BTC-TUSD-4837389","trade_id":"4837389","time":1586289773292,"size":1.10043,"price":7241.7,"side":"sell","id":"binance.BTC-TUSD-4837389","selector":"binance.BTC-TUSD"}
{"k":"0000000103","o":"0000000179","v":"001"}
{"_id":"binance.BTC-TUSD-4837390","_uid":1,"_dt":1586374967499,"_s":"e76fbd97b14c2b9ad2fe5e710f0a5ed4"}
{"_id":"binance.BTC-TUSD-4837390","trade_id":"4837390","time":1586289773292,"size":0.15,"price":7241.7,"side":"sell","id":"binance.BTC-TUSD-4837390","selector":"binance.BTC-TUSD"}
{"k":"0000000103","o":"0000000180","v":"001"}
{"_id":"binance.BTC-TUSD-4837391","_uid":1,"_dt":1586374967500,"_s":"a1cf613203c25786719fef613d589272"}
{"_id":"binance.BTC-TUSD-4837391","trade_id":"4837391","time":1586289773421,"size":0.138,"price":7241.7,"side":"sell","id":"binance.BTC-TUSD-4837391","selector":"binance.BTC-TUSD"}
{"k":"0000000103","o":"0000000183","v":"001"}
{"_id":"binance.BTC-TUSD-4837392","_uid":1,"_dt":1586374967502,"_s":"449fcf400edb74382ac295507d255f1c"}
{"_id":"binance.BTC-TUSD-4837392","trade_id":"4837392","time":1586289773615,"size":1.123058,"price":7241.7,"side":"sell","id":"binance.BTC-TUSD-4837392","selector":"binance.BTC-TUSD"}
{"k":"0000000103","o":"0000000183","v":"001"}
{"_id":"binance.BTC-TUSD-4837393","_uid":1,"_dt":1586374967503,"_s":"b11f1989012aeae1067c15b891431827"}
{"_id":"binance.BTC-TUSD-4837393","trade_id":"4837393","time":1586289773925,"size":0.125999,"price":7241.7,"side":"sell","id":"binance.BTC-TUSD-4837393","selector":"binance.BTC-TUSD"}
{"k":"0000000103","o":"0000000178","v":"001"}
{"_id":"binance.BTC-TUSD-4837394","_uid":1,"_dt":1586374967505,"_s":"f71b61910a845593a282656fa92d474f"}
{"_id":"binance.BTC-TUSD-4837394","trade_id":"4837394","time":1586289774108,"size":0.3,"price":7241.7,"side":"sell","id":"binance.BTC-TUSD-4837394","selector":"binance.BTC-TUSD"}
{"k":"0000000103","o":"0000000182","v":"001"}
{"_id":"binance.BTC-TUSD-4837395","_uid":1,"_dt":1586374967508,"_s":"527dcef56826917c925eefe7afb401d6"}
{"_id":"binance.BTC-TUSD-4837395","trade_id":"4837395","time":1586289774137,"size":0.13814,"price":7241.7,"side":"sell","id":"binance.BTC-TUSD-4837395","selector":"binance.BTC-TUSD"}
{"k":"0000000103","o":"0000000178","v":"001"}
{"_id":"binance.BTC-TUSD-4837396","_uid":1,"_dt":1586374967510,"_s":"efd03efd77c8aec008e394bc249a9c7f"}
{"_id":"binance.BTC-TUSD-4837396","trade_id":"4837396","time":1586289774142,"size":0.7,"price":7241.7,"side":"sell","id":"binance.BTC-TUSD-4837396","selector":"binance.BTC-TUSD"}
{"k":"0000000103","o":"0000000183","v":"001"}
{"_id":"binance.BTC-TUSD-4837397","_uid":1,"_dt":1586374967511,"_s":"e6475faec6d5510ce6b087bc00cc9400"}
{"_id":"binance.BTC-TUSD-4837397","trade_id":"4837397","time":1586289774493,"size":0.014373,"price":7241.7,"side":"sell","id":"binance.BTC-TUSD-4837397","selector":"binance.BTC-TUSD"}
{"k":"0000000103","o":"0000000181","v":"001"}
{"_id":"binance.BTC-TUSD-4837400","_uid":1,"_dt":1586374967512,"_s":"1ac5344469129b5803fa736c969f9da2"}
{"_id":"binance.BTC-TUSD-4837400","trade_id":"4837400","time":1586289774667,"size":0.019514,"price":7231,"side":"sell","id":"binance.BTC-TUSD-4837400","selector":"binance.BTC-TUSD"}
{"k":"0000000103","o":"0000000183","v":"001"}
{"_id":"binance.BTC-TUSD-4837401","_uid":1,"_dt":1586374967514,"_s":"c668823afd42bff526f3c11f0ee4b006"}
{"_id":"binance.BTC-TUSD-4837401","trade_id":"4837401","time":1586289774667,"size":0.01846,"price":7230.92,"side":"sell","id":"binance.BTC-TUSD-4837401","selector":"binance.BTC-TUSD"}
{"k":"0000000103","o":"0000000181","v":"001"}
{"_id":"binance.BTC-TUSD-4837403","_uid":1,"_dt":1586374967515,"_s":"8d8eeeee245036b06ac806d61e685003"}
{"_id":"binance.BTC-TUSD-4837403","trade_id":"4837403","time":1586289774667,"size":0.011809,"price":7229,"side":"sell","id":"binance.BTC-TUSD-4837403","selector":"binance.BTC-TUSD"}
{"k":"0000000103","o":"0000000184","v":"001"}
{"_id":"binance.BTC-TUSD-4837402","_uid":1,"_dt":1586374967517,"_s":"9ee5048897c0efe9625d6123db11e2da"}
{"_id":"binance.BTC-TUSD-4837402","trade_id":"4837402","time":1586289774667,"size":0.276663,"price":7229.01,"side":"sell","id":"binance.BTC-TUSD-4837402","selector":"binance.BTC-TUSD"}
{"k":"0000000103","o":"0000000184","v":"001"}
{"_id":"binance.BTC-TUSD-4837399","_uid":1,"_dt":1586374967518,"_s":"38fafc01f0873a718c208b4e1aeec547"}
{"_id":"binance.BTC-TUSD-4837399","trade_id":"4837399","time":1586289774667,"size":0.001631,"price":7237.07,"side":"sell","id":"binance.BTC-TUSD-4837399","selector":"binance.BTC-TUSD"}
{"k":"0000000103","o":"0000000178","v":"001"}
{"_id":"binance.BTC-TUSD-4837398","_uid":1,"_dt":1586374967520,"_s":"83d32b3f8ada3736291fee3466ec3583"}
{"_id":"binance.BTC-TUSD-4837398","trade_id":"4837398","time":1586289774667,"size":0.005,"price":7239,"side":"sell","id":"binance.BTC-TUSD-4837398","selector":"binance.BTC-TUSD"}
{"k":"0000000103","o":"0000000182","v":"001"}
{"_id":"binance.BTC-TUSD-4837404","_uid":1,"_dt":1586374967521,"_s":"ceee8ec387a23b0112d27f36fab112a2"}
{"_id":"binance.BTC-TUSD-4837404","trade_id":"4837404","time":1586289774972,"size":0.001661,"price":7241.7,"side":"buy","id":"binance.BTC-TUSD-4837404","selector":"binance.BTC-TUSD"}
{"k":"0000000103","o":"0000000183","v":"001"}
{"_id":"binance.BTC-TUSD-4837405","_uid":1,"_dt":1586374967522,"_s":"0f64c89eb62d7f8f7bae4c3a26bf5151"}
{"_id":"binance.BTC-TUSD-4837405","trade_id":"4837405","time":1586289774972,"size":0.018339,"price":7242.81,"side":"buy","id":"binance.BTC-TUSD-4837405","selector":"binance.BTC-TUSD"}
{"k":"0000000103","o":"0000000181","v":"001"}
{"_id":"binance.BTC-TUSD-4837406","_uid":1,"_dt":1586374967524,"_s":"e868595d86f8db6e9e05ae637cf7d5a3"}
{"_id":"binance.BTC-TUSD-4837406","trade_id":"4837406","time":1586289775210,"size":0.139,"price":7223.51,"side":"sell","id":"binance.BTC-TUSD-4837406","selector":"binance.BTC-TUSD"}
{"k":"0000000103","o":"0000000181","v":"001"}
{"_id":"binance.BTC-TUSD-4837409","_uid":1,"_dt":1586374967525,"_s":"0e7d18d0b5ab313fd2a8fc4ead2361de"}
{"_id":"binance.BTC-TUSD-4837409","trade_id":"4837409","time":1586289776282,"size":0.007216,"price":7221,"side":"sell","id":"binance.BTC-TUSD-4837409","selector":"binance.BTC-TUSD"}
{"k":"0000000103","o":"0000000184","v":"001"}
{"_id":"binance.BTC-TUSD-4837407","_uid":1,"_dt":1586374967527,"_s":"7fc3d28ba8c9e467a5bf0b036a00e123"}
{"_id":"binance.BTC-TUSD-4837407","trade_id":"4837407","time":1586289776282,"size":0.020713,"price":7223.59,"side":"sell","id":"binance.BTC-TUSD-4837407","selector":"binance.BTC-TUSD"}
{"k":"0000000103","o":"0000000184","v":"001"}
{"_id":"binance.BTC-TUSD-4837408","_uid":1,"_dt":1586374967528,"_s":"b45c2786d5b3d3fa953c4b37fd3b0441"}
{"_id":"binance.BTC-TUSD-4837408","trade_id":"4837408","time":1586289776282,"size":0.003385,"price":7223.27,"side":"sell","id":"binance.BTC-TUSD-4837408","selector":"binance.BTC-TUSD"}
{"k":"0000000103","o":"0000000181","v":"001"}
{"_id":"binance.BTC-TUSD-4837410","_uid":1,"_dt":1586374967531,"_s":"e4f3bf6c72ea90b3ec0a0834fb3f4421"}
{"_id":"binance.BTC-TUSD-4837410","trade_id":"4837410","time":1586289777226,"size":0.003462,"price":7220,"side":"sell","id":"binance.BTC-TUSD-4837410","selector":"binance.BTC-TUSD"}
{"k":"0000000103","o":"0000000183","v":"001"}
{"_id":"binance.BTC-TUSD-4837411","_uid":1,"_dt":1586374967533,"_s":"4422f0bfc40f5e5b404e7c48b49f00aa"}
{"_id":"binance.BTC-TUSD-4837411","trade_id":"4837411","time":1586289777278,"size":0.106686,"price":7220.19,"side":"buy","id":"binance.BTC-TUSD-4837411","selector":"binance.BTC-TUSD"}
{"k":"0000000103","o":"0000000182","v":"001"}
{"_id":"binance.BTC-TUSD-4837412","_uid":1,"_dt":1586374967534,"_s":"7f54e7f914097d950c37a5e12aac0a90"}
{"_id":"binance.BTC-TUSD-4837412","trade_id":"4837412","time":1586289777278,"size":0.05662,"price":7220.82,"side":"buy","id":"binance.BTC-TUSD-4837412","selector":"binance.BTC-TUSD"}
{"k":"0000000103","o":"0000000183","v":"001"}
{"_id":"binance.BTC-TUSD-4837413","_uid":1,"_dt":1586374967535,"_s":"fc1738df1fcbbf0a04baa08480a46be7"}
{"_id":"binance.BTC-TUSD-4837413","trade_id":"4837413","time":1586289777331,"size":0.009381,"price":7220.82,"side":"buy","id":"binance.BTC-TUSD-4837413","selector":"binance.BTC-TUSD"}
{"k":"0000000103","o":"0000000184","v":"001"}
{"_id":"binance.BTC-TUSD-4837414","_uid":1,"_dt":1586374967542,"_s":"b306d11c7d64858abbcb1bac2fd7fcb5"}
{"_id":"binance.BTC-TUSD-4837414","trade_id":"4837414","time":1586289777349,"size":0.003385,"price":7224.05,"side":"sell","id":"binance.BTC-TUSD-4837414","selector":"binance.BTC-TUSD"}
{"k":"0000000103","o":"0000000179","v":"001"}
{"_id":"binance.BTC-TUSD-4837415","_uid":1,"_dt":1586374967544,"_s":"140276dd4a2cb3bec81bace186ed6d82"}
{"_id":"binance.BTC-TUSD-4837415","trade_id":"4837415","time":1586289777375,"size":0.02,"price":7230.01,"side":"buy","id":"binance.BTC-TUSD-4837415","selector":"binance.BTC-TUSD"}
{"k":"0000000103","o":"0000000181","v":"001"}
{"_id":"binance.BTC-TUSD-4837416","_uid":1,"_dt":1586374967546,"_s":"14a73874fa2bc9e89108fb1a33bde1ec"}
{"_id":"binance.BTC-TUSD-4837416","trade_id":"4837416","time":1586289777647,"size":0.005,"price":7224.05,"side":"sell","id":"binance.BTC-TUSD-4837416","selector":"binance.BTC-TUSD"}
{"k":"0000000103","o":"0000000183","v":"001"}
{"_id":"binance.BTC-TUSD-4837417","_uid":1,"_dt":1586374967548,"_s":"495a801bf5f0bf575f2b13922dc93c4d"}
{"_id":"binance.BTC-TUSD-4837417","trade_id":"4837417","time":1586289777668,"size":0.08892,"price":7224.05,"side":"sell","id":"binance.BTC-TUSD-4837417","selector":"binance.BTC-TUSD"}
{"k":"0000000103","o":"0000000184","v":"001"}
{"_id":"binance.BTC-TUSD-4837418","_uid":1,"_dt":1586374967550,"_s":"9503df75c19dcfdbf44cb6caa63ebdde"}
{"_id":"binance.BTC-TUSD-4837418","trade_id":"4837418","time":1586289777668,"size":0.006921,"price":7223.51,"side":"sell","id":"binance.BTC-TUSD-4837418","selector":"binance.BTC-TUSD"}
{"k":"0000000103","o":"0000000178","v":"001"}
{"_id":"binance.BTC-TUSD-4837419","_uid":1,"_dt":1586374967551,"_s":"d470c3c0c299521ad7159a45bf0312c3"}
{"_id":"binance.BTC-TUSD-4837419","trade_id":"4837419","time":1586289777685,"size":0.005,"price":7219,"side":"sell","id":"binance.BTC-TUSD-4837419","selector":"binance.BTC-TUSD"}
{"k":"0000000103","o":"0000000184","v":"001"}
{"_id":"binance.BTC-TUSD-4837420","_uid":1,"_dt":1586374967553,"_s":"5e96f9fa7590b124d72010407ad47730"}
{"_id":"binance.BTC-TUSD-4837420","trade_id":"4837420","time":1586289779262,"size":0.002255,"price":7214.97,"side":"sell","id":"binance.BTC-TUSD-4837420","selector":"binance.BTC-TUSD"}
{"k":"0000000103","o":"0000000183","v":"001"}
{"_id":"binance.BTC-TUSD-4837421","_uid":1,"_dt":1586374967555,"_s":"0ba55cf6243f2a798566c01bea9f2068"}
{"_id":"binance.BTC-TUSD-4837421","trade_id":"4837421","time":1586289779894,"size":0.006929,"price":7215.83,"side":"buy","id":"binance.BTC-TUSD-4837421","selector":"binance.BTC-TUSD"}
{"k":"0000000103","o":"0000000182","v":"001"}
{"_id":"binance.BTC-TUSD-4837422","_uid":1,"_dt":1586374967556,"_s":"f4f2a6036c8259c0e60cc272bc1c426f"}
{"_id":"binance.BTC-TUSD-4837422","trade_id":"4837422","time":1586289779905,"size":0.00938,"price":7215.83,"side":"buy","id":"binance.BTC-TUSD-4837422","selector":"binance.BTC-TUSD"}
{"k":"0000000103","o":"0000000182","v":"001"}
{"_id":"binance.BTC-TUSD-4837423","_uid":1,"_dt":1586374967557,"_s":"35a75f3a7ca94cef0dd329177c634ed4"}
{"_id":"binance.BTC-TUSD-4837423","trade_id":"4837423","time":1586289779910,"size":0.12962,"price":7215.83,"side":"buy","id":"binance.BTC-TUSD-4837423","selector":"binance.BTC-TUSD"}
{"k":"0000000103","o":"0000000184","v":"001"}
{"_id":"binance.BTC-TUSD-4837424","_uid":1,"_dt":1586374967559,"_s":"fe10276d5bc2efa4ebc8da191d43a44f"}
{"_id":"binance.BTC-TUSD-4837424","trade_id":"4837424","time":1586289780130,"size":0.176046,"price":7201.59,"side":"sell","id":"binance.BTC-TUSD-4837424","selector":"binance.BTC-TUSD"}
{"k":"0000000103","o":"0000000184","v":"001"}
{"_id":"binance.BTC-TUSD-4837425","_uid":1,"_dt":1586374967561,"_s":"173c4ba4e7b255ded6d56c4b68b9e21f"}
{"_id":"binance.BTC-TUSD-4837425","trade_id":"4837425","time":1586289780130,"size":0.019105,"price":7201.59,"side":"sell","id":"binance.BTC-TUSD-4837425","selector":"binance.BTC-TUSD"}
{"k":"0000000103","o":"0000000183","v":"001"}
{"_id":"binance.BTC-TUSD-4837426","_uid":1,"_dt":1586374967562,"_s":"c05dad6fb124b4dec77a57435b536c14"}
{"_id":"binance.BTC-TUSD-4837426","trade_id":"4837426","time":1586289780624,"size":0.039028,"price":7210.39,"side":"buy","id":"binance.BTC-TUSD-4837426","selector":"binance.BTC-TUSD"}
{"k":"0000000103","o":"0000000184","v":"001"}
{"_id":"binance.BTC-TUSD-4837427","_uid":1,"_dt":1586374967564,"_s":"ebe0f0bba170e1755c66fc8e5ec1ae89"}
{"_id":"binance.BTC-TUSD-4837427","trade_id":"4837427","time":1586289780652,"size":0.001528,"price":7208.32,"side":"sell","id":"binance.BTC-TUSD-4837427","selector":"binance.BTC-TUSD"}
{"k":"0000000103","o":"0000000184","v":"001"}
{"_id":"binance.BTC-TUSD-4837428","_uid":1,"_dt":1586374967565,"_s":"965bdadbf9bdf69a1510f04d8ada7660"}
{"_id":"binance.BTC-TUSD-4837428","trade_id":"4837428","time":1586289781553,"size":0.008866,"price":7208.33,"side":"sell","id":"binance.BTC-TUSD-4837428","selector":"binance.BTC-TUSD"}
{"k":"0000000103","o":"0000000184","v":"001"}
{"_id":"binance.BTC-TUSD-4837429","_uid":1,"_dt":1586374967567,"_s":"a56881b84c44b6265f9a327ae2ef3212"}
{"_id":"binance.BTC-TUSD-4837429","trade_id":"4837429","time":1586289781614,"size":0.024709,"price":7208.33,"side":"sell","id":"binance.BTC-TUSD-4837429","selector":"binance.BTC-TUSD"}
{"k":"0000000103","o":"0000000184","v":"001"}
{"_id":"binance.BTC-TUSD-4837430","_uid":1,"_dt":1586374967568,"_s":"fc1bffae8efa4caa9264464ebab59d5b"}
{"_id":"binance.BTC-TUSD-4837430","trade_id":"4837430","time":1586289781756,"size":0.080585,"price":7208.32,"side":"sell","id":"binance.BTC-TUSD-4837430","selector":"binance.BTC-TUSD"}
{"k":"0000000103","o":"0000000184","v":"001"}
{"_id":"binance.BTC-TUSD-4837431","_uid":1,"_dt":1586374967570,"_s":"5d043f6a278e99ad696d016773088717"}
{"_id":"binance.BTC-TUSD-4837431","trade_id":"4837431","time":1586289781771,"size":0.054486,"price":7208.32,"side":"sell","id":"binance.BTC-TUSD-4837431","selector":"binance.BTC-TUSD"}
{"k":"0000000103","o":"0000000184","v":"001"}
{"_id":"binance.BTC-TUSD-4837432","_uid":1,"_dt":1586374967572,"_s":"dd66ec0e8744c1d3fda44d37275c7dbc"}
{"_id":"binance.BTC-TUSD-4837432","trade_id":"4837432","time":1586289784702,"size":0.002642,"price":7201.26,"side":"sell","id":"binance.BTC-TUSD-4837432","selector":"binance.BTC-TUSD"}
{"k":"0000000103","o":"0000000184","v":"001"}
{"_id":"binance.BTC-TUSD-4837433","_uid":1,"_dt":1586374967573,"_s":"fd6ee3fab70b71a37891ff487402e781"}
{"_id":"binance.BTC-TUSD-4837433","trade_id":"4837433","time":1586289784773,"size":0.003411,"price":7201.26,"side":"sell","id":"binance.BTC-TUSD-4837433","selector":"binance.BTC-TUSD"}
{"k":"0000000103","o":"0000000184","v":"001"}
{"_id":"binance.BTC-TUSD-4837434","_uid":1,"_dt":1586374967575,"_s":"1e149d731ee4dbd2546528656cf5937f"}
{"_id":"binance.BTC-TUSD-4837434","trade_id":"4837434","time":1586289784867,"size":0.005656,"price":7201.26,"side":"sell","id":"binance.BTC-TUSD-4837434","selector":"binance.BTC-TUSD"}
{"k":"0000000103","o":"0000000184","v":"001"}
{"_id":"binance.BTC-TUSD-4837435","_uid":1,"_dt":1586374967577,"_s":"a5b4e4d16a630a94744a509280296684"}
{"_id":"binance.BTC-TUSD-4837435","trade_id":"4837435","time":1586289784884,"size":0.001815,"price":7201.26,"side":"sell","id":"binance.BTC-TUSD-4837435","selector":"binance.BTC-TUSD"}
{"k":"0000000103","o":"0000000182","v":"001"}
{"_id":"binance.BTC-TUSD-4837436","_uid":1,"_dt":1586374967578,"_s":"4d4639f6db60cfef2377bff370a0d0e1"}
{"_id":"binance.BTC-TUSD-4837436","trade_id":"4837436","time":1586289784932,"size":0.01347,"price":7208.51,"side":"buy","id":"binance.BTC-TUSD-4837436","selector":"binance.BTC-TUSD"}
{"k":"0000000103","o":"0000000179","v":"001"}
{"_id":"binance.BTC-TUSD-4837437","_uid":1,"_dt":1586374967580,"_s":"6c3160757fe63c85c2bc979a9de69988"}
{"_id":"binance.BTC-TUSD-4837437","trade_id":"4837437","time":1586289785151,"size":0.02,"price":7208.51,"side":"buy","id":"binance.BTC-TUSD-4837437","selector":"binance.BTC-TUSD"}
{"k":"0000000103","o":"0000000182","v":"001"}
{"_id":"binance.BTC-TUSD-4837438","_uid":1,"_dt":1586374967581,"_s":"2eafa6c1ebca5c640874551712ae99f0"}
{"_id":"binance.BTC-TUSD-4837438","trade_id":"4837438","time":1586289785208,"size":0.10126,"price":7208.51,"side":"buy","id":"binance.BTC-TUSD-4837438","selector":"binance.BTC-TUSD"}
{"k":"0000000103","o":"0000000182","v":"001"}
{"_id":"binance.BTC-TUSD-4837439","_uid":1,"_dt":1586374967582,"_s":"a8bd5b9ecad017ce1471f71604566737"}
{"_id":"binance.BTC-TUSD-4837439","trade_id":"4837439","time":1586289785302,"size":0.27737,"price":7210.38,"side":"buy","id":"binance.BTC-TUSD-4837439","selector":"binance.BTC-TUSD"}
{"k":"0000000103","o":"0000000183","v":"001"}
{"_id":"binance.BTC-TUSD-4837440","_uid":1,"_dt":1586374967584,"_s":"9ac5c8f37f8b6486518b1cbbd292d917"}
{"_id":"binance.BTC-TUSD-4837440","trade_id":"4837440","time":1586289785412,"size":0.000007,"price":7210.38,"side":"buy","id":"binance.BTC-TUSD-4837440","selector":"binance.BTC-TUSD"}
{"k":"0000000103","o":"0000000180","v":"001"}
{"_id":"binance.BTC-TUSD-4837441","_uid":1,"_dt":1586374967585,"_s":"a487b5e49d108682cfcf4836003d8f4b"}
{"_id":"binance.BTC-TUSD-4837441","trade_id":"4837441","time":1586289785655,"size":0.139,"price":7208.69,"side":"buy","id":"binance.BTC-TUSD-4837441","selector":"binance.BTC-TUSD"}
{"k":"0000000103","o":"0000000181","v":"001"}
{"_id":"binance.BTC-TUSD-4837442","_uid":1,"_dt":1586374967589,"_s":"1c97dcdd471fbcd882e85c1a785a03d5"}
{"_id":"binance.BTC-TUSD-4837442","trade_id":"4837442","time":1586289785735,"size":0.139,"price":7210.97,"side":"sell","id":"binance.BTC-TUSD-4837442","selector":"binance.BTC-TUSD"}
{"k":"0000000103","o":"0000000184","v":"001"}
{"_id":"binance.BTC-TUSD-4837443","_uid":1,"_dt":1586374967590,"_s":"48e22ced6fb8f1cde14ee4decde2bc0e"}
{"_id":"binance.BTC-TUSD-4837443","trade_id":"4837443","time":1586289785781,"size":0.002521,"price":7209.41,"side":"sell","id":"binance.BTC-TUSD-4837443","selector":"binance.BTC-TUSD"}
{"k":"0000000103","o":"0000000184","v":"001"}
{"_id":"binance.BTC-TUSD-4837444","_uid":1,"_dt":1586374967592,"_s":"873e8f32b229cb2e5e4c019c748502c4"}
{"_id":"binance.BTC-TUSD-4837444","trade_id":"4837444","time":1586289785781,"size":0.039316,"price":7201.25,"side":"sell","id":"binance.BTC-TUSD-4837444","selector":"binance.BTC-TUSD"}
{"k":"0000000103","o":"0000000180","v":"001"}
{"_id":"binance.BTC-TUSD-4837445","_uid":1,"_dt":1586374967593,"_s":"a15dbc7593857b6aec1fd9dc82eeb3be"}
{"_id":"binance.BTC-TUSD-4837445","trade_id":"4837445","time":1586289786020,"size":0.139,"price":7209.32,"side":"buy","id":"binance.BTC-TUSD-4837445","selector":"binance.BTC-TUSD"}
{"k":"0000000103","o":"0000000183","v":"001"}
{"_id":"binance.BTC-TUSD-4837446","_uid":1,"_dt":1586374967594,"_s":"305fbb4c7e9a7f9899fdd27ecb473d36"}
{"_id":"binance.BTC-TUSD-4837446","trade_id":"4837446","time":1586289786092,"size":0.082728,"price":7210.76,"side":"buy","id":"binance.BTC-TUSD-4837446","selector":"binance.BTC-TUSD"}
{"k":"0000000103","o":"0000000183","v":"001"}
{"_id":"binance.BTC-TUSD-4837447","_uid":1,"_dt":1586374967596,"_s":"349b9dd0fc3ec4d5e3f3df69c2c17de1"}
{"_id":"binance.BTC-TUSD-4837447","trade_id":"4837447","time":1586289786169,"size":0.637035,"price":7210.76,"side":"buy","id":"binance.BTC-TUSD-4837447","selector":"binance.BTC-TUSD"}
{"k":"0000000103","o":"0000000182","v":"001"}
{"_id":"binance.BTC-TUSD-4837448","_uid":1,"_dt":1586374967598,"_s":"3083beeead4e2b09f0b941dabf654061"}
{"_id":"binance.BTC-TUSD-4837448","trade_id":"4837448","time":1586289786399,"size":0.02797,"price":7210.75,"side":"buy","id":"binance.BTC-TUSD-4837448","selector":"binance.BTC-TUSD"}
{"k":"0000000103","o":"0000000182","v":"001"}
{"_id":"binance.BTC-TUSD-4837449","_uid":1,"_dt":1586374967599,"_s":"d02487048855f9ba4ea58767f7f4a84f"}
{"_id":"binance.BTC-TUSD-4837449","trade_id":"4837449","time":1586289786551,"size":0.001815,"price":7213.5,"side":"buy","id":"binance.BTC-TUSD-4837449","selector":"binance.BTC-TUSD"}
{"k":"0000000103","o":"0000000181","v":"001"}
{"_id":"binance.BTC-TUSD-4837450","_uid":1,"_dt":1586374967600,"_s":"17e7a94f48175ac05611f59e4c52b4fe"}
{"_id":"binance.BTC-TUSD-4837450","trade_id":"4837450","time":1586289786664,"size":0.13718,"price":7213.5,"side":"buy","id":"binance.BTC-TUSD-4837450","selector":"binance.BTC-TUSD"}
{"k":"0000000103","o":"0000000182","v":"001"}
{"_id":"binance.BTC-TUSD-4837451","_uid":1,"_dt":1586374967602,"_s":"350bb542a9589065e2480ba792494f66"}
{"_id":"binance.BTC-TUSD-4837451","trade_id":"4837451","time":1586289787152,"size":0.000005,"price":7213.5,"side":"buy","id":"binance.BTC-TUSD-4837451","selector":"binance.BTC-TUSD"}
{"k":"0000000103","o":"0000000182","v":"001"}
{"_id":"binance.BTC-TUSD-4837452","_uid":1,"_dt":1586374967603,"_s":"f78ce181c5dffca00251c00afabc34ac"}
{"_id":"binance.BTC-TUSD-4837452","trade_id":"4837452","time":1586289787393,"size":0.00701,"price":7215.39,"side":"buy","id":"binance.BTC-TUSD-4837452","selector":"binance.BTC-TUSD"}
{"k":"0000000103","o":"0000000182","v":"001"}
{"_id":"binance.BTC-TUSD-4837453","_uid":1,"_dt":1586374967605,"_s":"1e4163093aeb78e5746ac24923124618"}
{"_id":"binance.BTC-TUSD-4837453","trade_id":"4837453","time":1586289787474,"size":0.13199,"price":7215.39,"side":"buy","id":"binance.BTC-TUSD-4837453","selector":"binance.BTC-TUSD"}
{"k":"0000000103","o":"0000000180","v":"001"}
{"_id":"binance.BTC-TUSD-4837454","_uid":1,"_dt":1586374967606,"_s":"fa8ab61bd4860624a784ea370aca71ac"}
{"_id":"binance.BTC-TUSD-4837454","trade_id":"4837454","time":1586289788149,"size":0.138,"price":7217.42,"side":"buy","id":"binance.BTC-TUSD-4837454","selector":"binance.BTC-TUSD"}
{"k":"0000000103","o":"0000000183","v":"001"}
{"_id":"binance.BTC-TUSD-4837455","_uid":1,"_dt":1586374967608,"_s":"938b108f1546a445ac7908ba0c99d13b"}
{"_id":"binance.BTC-TUSD-4837455","trade_id":"4837455","time":1586289788356,"size":0.016395,"price":7220.25,"side":"buy","id":"binance.BTC-TUSD-4837455","selector":"binance.BTC-TUSD"}
{"k":"0000000103","o":"0000000180","v":"001"}
{"_id":"binance.BTC-TUSD-4837456","_uid":1,"_dt":1586374967609,"_s":"e35f2c356fc2dd3d364a98a06d447a18"}
{"_id":"binance.BTC-TUSD-4837456","trade_id":"4837456","time":1586289788473,"size":0.016395,"price":7219,"side":"buy","id":"binance.BTC-TUSD-4837456","selector":"binance.BTC-TUSD"}
{"k":"0000000103","o":"0000000180","v":"001"}
{"_id":"binance.BTC-TUSD-4837457","_uid":1,"_dt":1586374967611,"_s":"285f03becdadbfa203e0683ac6f0caff"}
{"_id":"binance.BTC-TUSD-4837457","trade_id":"4837457","time":1586289788514,"size":0.121605,"price":7219,"side":"buy","id":"binance.BTC-TUSD-4837457","selector":"binance.BTC-TUSD"}
{"k":"0000000103","o":"0000000183","v":"001"}
{"_id":"binance.BTC-TUSD-4837458","_uid":1,"_dt":1586374967612,"_s":"031ae17d7d9ebd7a62fbdfd46871438f"}
{"_id":"binance.BTC-TUSD-4837458","trade_id":"4837458","time":1586289789565,"size":0.004641,"price":7229.98,"side":"buy","id":"binance.BTC-TUSD-4837458","selector":"binance.BTC-TUSD"}
{"k":"0000000103","o":"0000000180","v":"001"}
{"_id":"binance.BTC-TUSD-4837459","_uid":1,"_dt":1586374967614,"_s":"a59763b31c80e6c63624b81082b66e10"}
{"_id":"binance.BTC-TUSD-4837459","trade_id":"4837459","time":1586289789760,"size":0.138,"price":7218.62,"side":"buy","id":"binance.BTC-TUSD-4837459","selector":"binance.BTC-TUSD"}
{"k":"0000000103","o":"0000000180","v":"001"}
{"_id":"binance.BTC-TUSD-4837460","_uid":1,"_dt":1586374967615,"_s":"f1b1e3989cb7842fa500e07c8dcd9843"}
{"_id":"binance.BTC-TUSD-4837460","trade_id":"4837460","time":1586289789825,"size":0.138,"price":7217.47,"side":"buy","id":"binance.BTC-TUSD-4837460","selector":"binance.BTC-TUSD"}
{"k":"0000000103","o":"0000000179","v":"001"}
{"_id":"binance.BTC-TUSD-4837461","_uid":1,"_dt":1586374967617,"_s":"dd2c1f118a752f825faa742e1888140f"}
{"_id":"binance.BTC-TUSD-4837461","trade_id":"4837461","time":1586289790050,"size":0.138,"price":7217.4,"side":"buy","id":"binance.BTC-TUSD-4837461","selector":"binance.BTC-TUSD"}
{"k":"0000000103","o":"0000000184","v":"001"}
{"_id":"binance.BTC-TUSD-4837462","_uid":1,"_dt":1586374967618,"_s":"7dc3153b30dd82480042b724d1f9aa0e"}
{"_id":"binance.BTC-TUSD-4837462","trade_id":"4837462","time":1586289790103,"size":0.004665,"price":7207.16,"side":"sell","id":"binance.BTC-TUSD-4837462","selector":"binance.BTC-TUSD"}
{"k":"0000000103","o":"0000000180","v":"001"}
{"_id":"binance.BTC-TUSD-4837463","_uid":1,"_dt":1586374967620,"_s":"7225666d07064b74609c821235491bc2"}
{"_id":"binance.BTC-TUSD-4837463","trade_id":"4837463","time":1586289790251,"size":0.138,"price":7217.64,"side":"buy","id":"binance.BTC-TUSD-4837463","selector":"binance.BTC-TUSD"}
{"k":"0000000103","o":"0000000182","v":"001"}
{"_id":"binance.BTC-TUSD-4837464","_uid":1,"_dt":1586374967621,"_s":"63d7c9a2e901906c689c628cce8e1c1e"}
{"_id":"binance.BTC-TUSD-4837464","trade_id":"4837464","time":1586289790484,"size":0.00277,"price":7217.29,"side":"buy","id":"binance.BTC-TUSD-4837464","selector":"binance.BTC-TUSD"}
{"k":"0000000103","o":"0000000182","v":"001"}
{"_id":"binance.BTC-TUSD-4837465","_uid":1,"_dt":1586374967623,"_s":"15ca459170df0184d20665a1c7d5e618"}
{"_id":"binance.BTC-TUSD-4837465","trade_id":"4837465","time":1586289790516,"size":0.13523,"price":7217.29,"side":"buy","id":"binance.BTC-TUSD-4837465","selector":"binance.BTC-TUSD"}
{"k":"0000000103","o":"0000000182","v":"001"}
{"_id":"binance.BTC-TUSD-4837466","_uid":1,"_dt":1586374967624,"_s":"3b400bdfc749267251aed8a35ed9304e"}
{"_id":"binance.BTC-TUSD-4837466","trade_id":"4837466","time":1586289790553,"size":0.00276,"price":7228.51,"side":"buy","id":"binance.BTC-TUSD-4837466","selector":"binance.BTC-TUSD"}
{"k":"0000000103","o":"0000000180","v":"001"}
{"_id":"binance.BTC-TUSD-4837467","_uid":1,"_dt":1586374967626,"_s":"35d87ca660f54e9a4abadc173e0ebe0e"}
{"_id":"binance.BTC-TUSD-4837467","trade_id":"4837467","time":1586289790945,"size":0.138,"price":7218.07,"side":"buy","id":"binance.BTC-TUSD-4837467","selector":"binance.BTC-TUSD"}
{"k":"0000000103","o":"0000000180","v":"001"}
{"_id":"binance.BTC-TUSD-4837468","_uid":1,"_dt":1586374967627,"_s":"a6ff55a5767d97652aa08f472b92e5fb"}
{"_id":"binance.BTC-TUSD-4837468","trade_id":"4837468","time":1586289791105,"size":0.138,"price":7218.79,"side":"buy","id":"binance.BTC-TUSD-4837468","selector":"binance.BTC-TUSD"}
{"k":"0000000103","o":"0000000180","v":"001"}
{"_id":"binance.BTC-TUSD-4837469","_uid":1,"_dt":1586374967628,"_s":"13b32733cc9edd3a13e0790d35c01302"}
{"_id":"binance.BTC-TUSD-4837469","trade_id":"4837469","time":1586289791314,"size":0.138,"price":7220.22,"side":"buy","id":"binance.BTC-TUSD-4837469","selector":"binance.BTC-TUSD"}
{"k":"0000000103","o":"0000000183","v":"001"}
{"_id":"binance.BTC-TUSD-4837470","_uid":1,"_dt":1586374967630,"_s":"716b00e5a987fc4d4c9d65d71229763d"}
{"_id":"binance.BTC-TUSD-4837470","trade_id":"4837470","time":1586289791482,"size":0.006592,"price":7221.27,"side":"buy","id":"binance.BTC-TUSD-4837470","selector":"binance.BTC-TUSD"}
{"k":"0000000103","o":"0000000183","v":"001"}
{"_id":"binance.BTC-TUSD-4837471","_uid":1,"_dt":1586374967632,"_s":"ec00c0887aa11dbd4cc26721c76f9743"}
{"_id":"binance.BTC-TUSD-4837471","trade_id":"4837471","time":1586289791499,"size":0.131408,"price":7221.27,"side":"buy","id":"binance.BTC-TUSD-4837471","selector":"binance.BTC-TUSD"}
{"k":"0000000103","o":"0000000183","v":"001"}
{"_id":"binance.BTC-TUSD-4837472","_uid":1,"_dt":1586374967633,"_s":"c353c27fa785dfd803eb2be54c828e83"}
{"_id":"binance.BTC-TUSD-4837472","trade_id":"4837472","time":1586289791499,"size":0.038395,"price":7228.51,"side":"buy","id":"binance.BTC-TUSD-4837472","selector":"binance.BTC-TUSD"}
{"k":"0000000103","o":"0000000184","v":"001"}
{"_id":"binance.BTC-TUSD-4837473","_uid":1,"_dt":1586374967634,"_s":"6d137916f1c50f37a896b85a3fc50c2d"}
{"_id":"binance.BTC-TUSD-4837473","trade_id":"4837473","time":1586289791557,"size":0.006616,"price":7207.26,"side":"sell","id":"binance.BTC-TUSD-4837473","selector":"binance.BTC-TUSD"}
{"k":"0000000103","o":"0000000180","v":"001"}
{"_id":"binance.BTC-TUSD-4837474","_uid":1,"_dt":1586374967636,"_s":"3babf6fae4583f08c541bf834a331acf"}
{"_id":"binance.BTC-TUSD-4837474","trade_id":"4837474","time":1586289791793,"size":0.138,"price":7222.49,"side":"buy","id":"binance.BTC-TUSD-4837474","selector":"binance.BTC-TUSD"}
{"k":"0000000103","o":"0000000180","v":"001"}
{"_id":"binance.BTC-TUSD-4837475","_uid":1,"_dt":1586374967638,"_s":"59404b4b0a9ad33dd6a07a49d33a7230"}
{"_id":"binance.BTC-TUSD-4837475","trade_id":"4837475","time":1586289792102,"size":0.138,"price":7221.64,"side":"buy","id":"binance.BTC-TUSD-4837475","selector":"binance.BTC-TUSD"}
{"k":"0000000103","o":"0000000180","v":"001"}
{"_id":"binance.BTC-TUSD-4837476","_uid":1,"_dt":1586374967639,"_s":"572a6a583a903e86c8d04f225523d943"}
{"_id":"binance.BTC-TUSD-4837476","trade_id":"4837476","time":1586289792246,"size":0.138,"price":7221.13,"side":"buy","id":"binance.BTC-TUSD-4837476","selector":"binance.BTC-TUSD"}
{"k":"0000000103","o":"0000000180","v":"001"}
{"_id":"binance.BTC-TUSD-4837477","_uid":1,"_dt":1586374967641,"_s":"584ef1fc634c1eda5a1f0c4d987a427e"}
{"_id":"binance.BTC-TUSD-4837477","trade_id":"4837477","time":1586289792343,"size":0.138,"price":7220.23,"side":"buy","id":"binance.BTC-TUSD-4837477","selector":"binance.BTC-TUSD"}
{"k":"0000000103","o":"0000000180","v":"001"}
{"_id":"binance.BTC-TUSD-4837478","_uid":1,"_dt":1586374967642,"_s":"8418531bf038fe05e63be049371f1227"}
{"_id":"binance.BTC-TUSD-4837478","trade_id":"4837478","time":1586289792414,"size":0.138,"price":7221.06,"side":"buy","id":"binance.BTC-TUSD-4837478","selector":"binance.BTC-TUSD"}
{"k":"0000000103","o":"0000000180","v":"001"}
{"_id":"binance.BTC-TUSD-4837479","_uid":1,"_dt":1586374967644,"_s":"2bc992ab278d3a0db75e3c99f5d27ebf"}
{"_id":"binance.BTC-TUSD-4837479","trade_id":"4837479","time":1586289792511,"size":0.138,"price":7220.76,"side":"buy","id":"binance.BTC-TUSD-4837479","selector":"binance.BTC-TUSD"}
{"k":"0000000103","o":"0000000180","v":"001"}
{"_id":"binance.BTC-TUSD-4837480","_uid":1,"_dt":1586374967645,"_s":"44327b83596ced5dd3310870e9dc3a39"}
{"_id":"binance.BTC-TUSD-4837480","trade_id":"4837480","time":1586289792599,"size":0.138,"price":7220.23,"side":"buy","id":"binance.BTC-TUSD-4837480","selector":"binance.BTC-TUSD"}
{"k":"0000000103","o":"0000000180","v":"001"}
{"_id":"binance.BTC-TUSD-4837481","_uid":1,"_dt":1586374967647,"_s":"a85eaeef131b0169d95ee711dc5f2692"}
{"_id":"binance.BTC-TUSD-4837481","trade_id":"4837481","time":1586289792713,"size":0.138,"price":7220.23,"side":"buy","id":"binance.BTC-TUSD-4837481","selector":"binance.BTC-TUSD"}
{"k":"0000000103","o":"0000000180","v":"001"}
{"_id":"binance.BTC-TUSD-4837482","_uid":1,"_dt":1586374967648,"_s":"1ae6ed4673dde5610d2031863068d37b"}
{"_id":"binance.BTC-TUSD-4837482","trade_id":"4837482","time":1586289792843,"size":0.138,"price":7220.71,"side":"buy","id":"binance.BTC-TUSD-4837482","selector":"binance.BTC-TUSD"}
{"k":"0000000103","o":"0000000182","v":"001"}
{"_id":"binance.BTC-TUSD-4837483","_uid":1,"_dt":1586374967650,"_s":"fb3d938243b9988a395d73b8f05b862d"}
{"_id":"binance.BTC-TUSD-4837483","trade_id":"4837483","time":1586289792853,"size":0.006616,"price":7229.9,"side":"buy","id":"binance.BTC-TUSD-4837483","selector":"binance.BTC-TUSD"}
{"k":"0000000103","o":"0000000183","v":"001"}
{"_id":"binance.BTC-TUSD-4837484","_uid":1,"_dt":1586374967651,"_s":"34602c66b90d169cafb2b742ab5a29c7"}
{"_id":"binance.BTC-TUSD-4837484","trade_id":"4837484","time":1586289792853,"size":0.026001,"price":7229.98,"side":"buy","id":"binance.BTC-TUSD-4837484","selector":"binance.BTC-TUSD"}
{"k":"0000000103","o":"0000000181","v":"001"}
{"_id":"binance.BTC-TUSD-4837485","_uid":1,"_dt":1586374967654,"_s":"7133d15d0d8e83f76d430d0fff22d567"}
{"_id":"binance.BTC-TUSD-4837485","trade_id":"4837485","time":1586289792939,"size":0.0114,"price":7229.98,"side":"buy","id":"binance.BTC-TUSD-4837485","selector":"binance.BTC-TUSD"}
{"k":"0000000103","o":"0000000177","v":"001"}
{"_id":"binance.BTC-TUSD-4837486","_uid":1,"_dt":1586374967655,"_s":"a7a33c474f2ac3c00b1b988b3a9030bc"}
{"_id":"binance.BTC-TUSD-4837486","trade_id":"4837486","time":1586289793011,"size":0.138,"price":7221,"side":"buy","id":"binance.BTC-TUSD-4837486","selector":"binance.BTC-TUSD"}
{"k":"0000000103","o":"0000000179","v":"001"}
{"_id":"binance.BTC-TUSD-4837487","_uid":1,"_dt":1586374967657,"_s":"4feac5a911994409f09f2979b57dfdb1"}
{"_id":"binance.BTC-TUSD-4837487","trade_id":"4837487","time":1586289793127,"size":0.138,"price":7222.1,"side":"buy","id":"binance.BTC-TUSD-4837487","selector":"binance.BTC-TUSD"}
{"k":"0000000103","o":"0000000183","v":"001"}
